2446 3944
554 184 793 250 ..430-

172 346 261 428 bato,
281 344 363 408 illud
381 344 477 408 modo
495 344 669 428 explicant,
687 343 727 407 de
745 365 809 427 quo
827 347 902 407 ante
919 342 1004 407 nihil
1023 344 1186 429 seriptum

172 437 235 516 est,
256 432 442 516 philosophi
463 452 697 516 quamcumque
719 453 788 494 rem
813 431 937 495 habent
962 432 998 495 in
1020 433 1185 517 manibus,

172 521 208 584 in
234 541 306 584 eam
332 541 415 604 quae
441 520 647 602 conveniunt,
673 521 852 602 congerunt
878 519 1002 602 omnia,
1030 521 1100 585 etsi
1123 522 1183 586 alio

172 607 244 672 loeo
268 607 433 691 disputata
455 612 539 672 sunt
584 606 678 682 Quod
704 607 739 670 ni
764 606 814 670 ita
833 611 934 690 esset,
960 628 1020 671 eur
1042 605 1186 692 Stoicus,

172 695 201 758 si
223 699 310 758 esset
331 695 524 779 quaesitum,
552 696 673 758 satisne
695 694 736 757 ad
762 694 856 759 beate
877 694 1054 759 vivendum
1077 697 1181 760 virtus

171 786 296 866 posset,
324 782 430 846 multa
458 781 599 847 diceret?
628 782 680 846 eui
706 783 786 847 satis
813 787 899 847 esset
922 782 1128 864 respondere
1150 805 1181 848 se

173 873 247 933 ante
273 869 420 935 docuisse
446 869 529 934 nihil
551 870 672 936 bonum
699 891 784 953 esse,
809 868 875 933 nisi
896 869 984 953 quod
1005 870 1180 936 honestum

173 962 272 1041 esset,
293 958 356 1022 hoe
378 959 515 1040 probato
538 977 733 1040 consequens
757 979 827 1022 esse
848 958 978 1020 beatem
995 958 1104 1023 vitam
1121 961 1180 1024 vir·

172 1049 242 1109 tute
265 1067 335 1110 esse
358 1049 553 1128 contentam,
576 1049 609 1109 et
632 1066 696 1128 quo
719 1045 814 1109 mede
836 1045 898 1109 hoe
916 1045 961 1108 sit
979 1065 1179 1130 consequens

172 1132 235 1216 illi,
257 1133 304 1197 sie
325 1132 407 1196 illud
428 1131 517 1216 huie,
543 1136 593 1215 ut,
621 1132 649 1196 si
671 1132 769 1196 beate
790 1132 858 1196 vita
880 1133 998 1196 virtute
1027 1138 1180 1199 contente

173 1221 229 1302 sit,
258 1219 323 1284 nisi
351 1219 522 1284 honestum
551 1219 635 1304 quod
664 1221 721 1303 sit,
748 1219 830 1283 nihil
860 1219 948 1284 aliud
977 1220 1023 1284 sit
1048 1221 1178 1287 bonum

121 1319 153 1368 19
173 1306 235 1372 Sed
261 1312 371 1372 tamen
392 1329 458 1372 non
480 1311 582 1391 agunt
603 1306 662 1390 sie,
690 1329 768 1370 nam
790 1311 823 1372 et
849 1307 888 1371 de
915 1306 1055 1373 honesto
1080 1313 1117 1374 et
1144 1310 1179 1374 de

173 1395 407 1460 summobono
430 1394 604 1478 separatim
625 1394 703 1458 libri
726 1399 813 1479 sunt,
836 1398 963 1459 etcum
986 1417 1027 1460 ex
1050 1418 1092 1462 eo
1116 1397 1178 1462 effi·

172 1483 276 1547 cietur
307 1481 385 1547 satis
416 1502 569 1565 magnam
600 1482 636 1546 in
666 1482 786 1546 virtute
813 1482 854 1546 ad
881 1482 976 1546 beate
1005 1484 1178 1548 vivendum

172 1591 242 1634 esse
264 1569 344 1646 rim,
365 1569 469 1634 nihilo
488 1570 593 1634 minus
615 1570 678 1634 hoe
696 1573 799 1654 agunt
816 1571 997 1652 separatim.
1034 1571 1178 1656 Propriis

172 1657 259 1721 enim
286 1661 319 1721 et
341 1657 408 1720 suis
432 1658 631 1742 argumentis
654 1660 687 1721 et
709 1657 980 1722 admonitionibus
1007 1661 1179 1724 tractanda

172 1766 316 1828 quaeque
338 1766 389 1808 res
412 1750 475 1822 est,
502 1749 595 1810 tanta
623 1745 822 1827 praesertim.
867 1742 953 1809 Cave
976 1747 1064 1811 enim
1087 1752 1177 1831 putes

172 1833 272 1895 ullam
287 1832 322 1894 in
335 1831 541 1914 philosophia
553 1853 664 1897 vocem
678 1833 830 1897 emissam
844 1833 1022 1916 clariorem,
1036 1834 1177 1900 ullumve
1190 1840 1193 1847 '

173 1939 242 1982 esse
260 1918 485 2001 philosophiae
503 1920 698 2002 promissum
716 1920 846 1984 uberius
865 1924 921 1984 aut
939 1921 1053 1986 maius.
1095 1922 1177 1989 Nam

173 2005 249 2089 quid
269 2006 461 2088 profitetur?
489 2027 508 2070 o
531 2007 564 2070 di
586 2007 676 2071 boni!
702 2007 919 2091 perfecturam
942 2029 989 2091 se,
1021 2009 1079 2092 qui
1102 2011 1177 2095 legi·

172 2093 233 2156 bus
256 2092 322 2156 suis
344 2094 517 2176 paruisset,
543 2097 581 2157 ut
607 2098 693 2158 esset
720 2099 832 2160 eontra
856 2096 1021 2159 fortunam
1053 2118 1178 2181 semper

173 2183 329 2261 armatus,
348 2184 385 2244 ut
402 2181 511 2244 omnia
529 2181 692 2264 praesidia
712 2176 899 2246 haberet'in
918 2205 951 2246 se
969 2183 1054 2248 bene
1072 2185 1177 2250 beate·

120 2288 155 2337 20
173 2287 234 2349 que
265 2267 406 2349 vivendi,
437 2271 474 2332 ut
504 2273 589 2333 esset
619 2291 745 2352 semper
773 2270 907 2353 denique
936 2271 1063 2336 beatus.
1120 2271 1177 2336 Sed

171 2354 299 2437 videro,
340 2355 416 2438 quid
452 2355 588 2440 efficiat3
629 2358 788 2440 tantisper
822 2357 883 2420 hoe
923 2357 1032 2439 ipsum
1069 2359 1177 2443 magni

172 2445 332 2524 aestumo,
355 2442 440 2526 quod
461 2444 639 2526 pollicetur.
675 2443 761 2508 Nam
783 2444 904 2508 Xerxes
927 2445 1058 2528 quidem
1080 2449 1176 2512 refer·

171 2532 224 2593 tus
243 2530 392 2594 omnibus
409 2531 560 2613 praemiis
580 2532 734 2614 donisque
753 2532 913 2613 fortunae,
934 2555 1001 2597 non
1020 2535 1177 2618 equitatu,

171 2639 239 2681 non
260 2616 462 2699 pedestribus
485 2619 601 2702 copiis,
624 2640 690 2682 non
711 2620 842 2683 navium
865 2620 1088 2705 multitudine,
1115 2644 1177 2688 non

171 2705 297 2768 infinito
325 2706 464 2788 pondere
487 2706 557 2769 auri
580 2710 764 2790 contentus,
790 2707 969 2790 praemium
999 2710 1177 2793 proposuit,

173 2793 228 2875 qui
254 2792 428 2857 invenisset
454 2815 572 2857 novam
597 2794 811 2878 voluptatem3
840 2816 903 2877 qua
932 2794 1004 2877 ipsa
1026 2818 1095 2861 non
1118 2797 1178 2860 fuit

172 2883 354 2964 contentus3
377 2902 478 2963 neque
502 2881 587 2944 enim
605 2903 758 2964 umquam
781 2882 878 2945 finem
899 2883 1045 2946 inveniet
1068 2883 1178 2949 libide.

171 2967 241 3033 Nos
263 2968 379 3031 vellem
402 2968 545 3051 praemio
572 2969 686 3033 elicere
712 2991 893 3052 possemus,
923 2969 978 3053 qui
1000 2971 1099 3037 nobis
1123 2971 1177 3036 ali·

126 3101 146 3165 8
172 3053 249 3137 quid
272 3054 449 3138 attulisset,
472 3077 535 3138 quo
558 3055 620 3120 hoc
643 3056 766 3120 firmius
790 3057 1000 3122 crederemus.

119 3176 151 3224 21
237 3141 278 3208 A.
305 3140 431 3206 Vellem
460 3141 494 3205 id
523 3143 665 3226 quidem,
697 3144 752 3207 sed
781 3143 885 3208 habeo
915 3144 1063 3227 paulum,
1094 3145 1177 3230 quod

130 3250 132 3255 ’
171 3229 341 3310 requiram.
385 3228 458 3313 Ego
482 3231 566 3293 enim
591 3230 754 3295 adsentior
776 3253 899 3314 eorum,
925 3253 1006 3316 quae
1029 3233 1178 3315 posuisti,

171 3315 308 3380 alterum
336 3317 432 3381 alteri
458 3339 654 3401 consequens
678 3340 760 3402 esse,
783 3322 832 3402 ut,
857 3320 1177 3403 quemadmodum,

190 3400 213 3485 ',
235 3404 320 3486 quod
342 3404 514 3469 honestum
537 3406 593 3485 sit,
616 3405 648 3468 id
672 3407 776 3470 solum
800 3407 844 3470 sit
866 3408 999 3488 bonum,
1025 3412 1178 3492 sequatur

85 3408 271 3717 *m
294 3492 424 3555 beatam
441 3493 559 3557 virtute
578 3493 704 3576 eonfiei,
728 3493 787 3572 sio,
809 3495 837 3558 si
854 3494 923 3558 rita
940 3494 1038 3559 beata
1061 3496 1098 3560 in
1115 3495 1176 3561 vir·

85 3633 97 3686 r
123 3585 171 3646 ¹⁷*
