2446 3944
467 186 706 251 —563-

83 348 214 434 publica
236 350 444 431 percontatus
467 350 530 430 est,
552 347 731 434 multisque
751 347 859 412 verbis
881 348 969 412 ultro
993 346 1087 412 citro-

85 457 146 518 que
168 435 290 500 habitis
313 435 370 499 ille
391 434 487 499 nobis
510 439 719 518 consumptus
742 439 793 500 est
815 435 892 501 dies.

150 522 231 587 Post
258 526 366 587 autem
393 525 552 606 apparatu
579 523 670 607 regio
698 523 822 607 accepti
850 501 1140 626 11111111111111113

85 612 223 675 multam
245 613 374 676 noctem
395 610 619 695 produximus,
642 630 715 675 cum
738 632 835 676 senex
856 611 940 675 nihil
962 610 1026 675 nisi
1049 610 1087 674 dc

85 697 239 763 Africano
267 699 453 781 loqueretur
480 698 652 781 omniaque
679 698 747 762 eius
774 719 841 763 non
861 698 950 764 facta
973 698 1087 781 solum,

86 786 264 851 sedetiam
286 785 373 851 dicta
395 786 603 851 meminisset.
642 785 775 869 Deinde,
797 789 835 849 ut
857 787 1002 851 cubitum
1027 786 1088 850 dis·

86 874 253 958 cessimus,
286 895 337 937 me
370 878 402 938 et
430 873 468 937 dc
495 873 549 938 via
575 873 709 956 fessum,
739 877 772 937 et
800 873 856 956 qui
882 873 923 938 ad
949 874 1088 938 multam

84 965 213 1026 noctem
227 962 432 1046 ¹vigilassem,
455 961 557 1026 artior
581 983 678 1044 quam
701 961 828 1025 solebat
851 982 983 1026 somnus
1005 983 1088 1026 com-

85 1050 199 1132 plexus
229 1054 287 1113 cst.
329 1048 391 1114 Hic
417 1049 499 1114 mihi
527 1047 635 1134 (oredo
663 1049 811 1133 equidem
838 1070 876 1113 ex
898 1049 973 1131 hoo,
1003 1048 1089 1130 quod

86 1158 213 1201 eramus
232 1137 346 1220 locuti3
368 1137 407 1237 111
426 1137 512 1201 enim
529 1137 605 1221 fere,
619 1140 661 1238 ut
679 1135 893 1221 cogitationes
912 1156 1089 1200 sermones-

85 1246 235 1377 aas
236 1224 604 1396 ὓ1111111111111ωέ1
615 1223 1112 1395 iactassent}

85 1400 225 1483 vigilans
250 1400 375 1465 solebat
397 1399 541 1484 cogitare
564 1403 597 1464 et
615 1399 720 1482 loqui)
738 1398 911 1466 Africanus
931 1420 965 1463 se
984 1401 1089 1463 osten·

86 1487 134 1550 dit
162 1508 201 1551 ea
228 1485 348 1570 forma,
376 1508 457 1570 quac
487 1487 568 1551 mihi
595 1508 633 1552 cx
660 1487 802 1573 imagine
829 1487 897 1551 eius
925 1508 1024 1570 quam
1050 1507 1090 1550 ex

86 1574 158 1658 ipso
182 1578 252 1639 erat
274 1575 396 1658 notior3
420 1596 515 1657 quem
537 1575 594 1639 ubi
612 1575 740 1660 agnovi,
763 1575 911 1659 equidem
929 1574 1089 1657 cohorrui,

87 1662 143 1726 sed
160 1662 230 1725 ille:
248 1660 345 1746 Ades,
362 1663 478 1746 inquit,
496 1663 603 1727 animo
618 1667 651 1728 et
665 1663 779 1728 omitte
793 1663 954 1747 timorem,
971 1659 1089 1746 Scipio,

88 1753 129 1834 et,
152 1771 234 1832 quae
257 1749 370 1833 dicam,
392 1750 485 1815 trade
507 1751 690 1816 memoriae.
1056 1798 1141 1868 HQ,

151 1836 292 1903 Videsne
305 1838 397 1902 illam
411 1838 533 1922 urbem,
547 1860 629 1922 quae
642 1860 756 1922 parere
769 1840 890 1923 populo
905 1838 1052 1903 Romano
1090 1875 1124 1923 11

86 1929 199 1990 coacta
224 1947 283 2010 per
305 1947 357 1990 me
379 1930 514 1991 renovat
536 1926 676 2010 pristina
698 1925 787 1991 bella
808 1948 867 1991 nec
889 1928 999 2011 potest
1022 1924 1090 2009 qui-

87 2013 215 2078 escere?
238 2010 444 2098 (ostendebat
467 2017 576 2079 autem
593 2013 830 2099 Karthaginem
853 2013 893 2078 dc
913 2015 1038 2079 excelso
1057 2016 1090 2078 ct

86 2102 184 2185 pleno
217 2101 387 2166 stellarum
417 2101 540 2167 illustri
572 2106 605 2167 et
637 2103 725 2166 claro
758 2101 899 2185 quodam
930 2097 1017 2186 loco)
1049 2099 1090 2165 ad

87 2210 185 2272 quam
207 2193 245 2253 tu
266 2190 517 2275 oppugnandam
534 2211 620 2255 nunc
637 2190 728 2255 venis
745 2211 848 2274 paene
865 2189 967 2254 miles.
996 2187 1090 2253 Hanc

86 2277 148 2342 hoc
170 2277 300 2342 biennio
323 2278 435 2342 consul
458 2281 597 2360 evertes,
624 2278 748 2360 critque
772 2298 951 2362 cognomen
973 2277 1007 2340 id
1028 2276 1091 2340 tibi

87 2383 145 2444 per
172 2366 205 2425 11
232 2367 377 2444 partum,
404 2363 491 2444 quod
517 2364 619 2426 habes
647 2363 751 2427 adhuc
774 2385 794 2427 a
814 2363 910 2427 nobis
932 2362 1091 2427 heredita·

87 2448 180 2547 rium.
216 2445 298 2512 Cum
319 2451 428 2511 autem
445 2447 682 2548 Karthaginem
693 2448 866 2548 deleveris,
887 2448 1090 2534 triumphum

88 2532 1091 2709 1111111111θαῖἒίἱὲἱὲ111111111111111113

88 2731 161 2774 sens
190 2709 377 2794 bellumque
406 2709 582 2775 maximum
609 2711 769 2795 conficies,
800 2710 1013 2790 Numantiam
1040 2733 1090 2777 ex·

87 2797 204 2863 cindes.
248 2794 311 2862 Sed
337 2819 409 2863 cum
437 2798 499 2862 eris
527 2820 622 2863 curru
648 2799 682 2863 in
710 2797 908 2882 Capitolium
934 2800 1090 2884 invectus,

88 2885 230 2950 offendes
240 2907 309 2950 rem
318 2886 482 2970 publicam
491 2886 634 2951 consiliis
644 2887 869 2972 perturbatam
877 2887 1006 2972 nepotis
1016 2888 1089 2953 mci.
1101 2935 1144 2999 ,2

152 2972 215 3038 Hic
232 2976 278 3056 tu,
300 2972 462 3058 Africane,
485 2975 636 3039 ostendas
655 2975 819 3059 oportebit
836 2975 962 3060 patriae
980 2975 1090 3040 lumen
1109 3012 1143 3060 12

88 3061 200 3144 animi,
224 3060 348 3147 ingenii
369 3061 559 3146 consiliique
581 3063 638 3128 tui.
679 3060 742 3127 Sed
764 3063 832 3127 eius
855 3063 1012 3148 temporis
1036 3085 1089 3128 an·

87 3149 218 3233 cipitem
244 3149 337 3214 rideo
365 3149 458 3233 quasi
483 3150 627 3215 fatorum
654 3150 749 3215 viam.
789 3148 876 3215 Nam
903 3173 976 3216 cum
1000 3154 1089 3216 aetas

88 3240 146 3301 tua
176 3240 327 3322 septenos
355 3238 476 3303 octiens
505 3238 584 3303 solis
613 3238 777 3303 anfractus
804 3238 990 3322 reditusque
1017 3261 1089 3304 con-

86 3325 235 3407 verterit,
267 3325 392 3409 duoque
423 3325 447 3389 ii
477 3327 616 3411 numeri,
648 3348 785 3410 quorum
814 3329 948 3410 uterque
974 3328 1089 3411 plenus

88 3412 172 3477 ulter
197 3413 300 3478 altera
324 3413 362 3477 de
385 3435 482 3478 causa
504 3414 656 3499 habetur,
682 3414 818 3480 circuitu
839 3415 983 3480 naturali
1006 3437 1090 3480 sum·

86 3521 173 3565 mam
200 3499 263 3565 tibi
289 3500 424 3566 fatalem
452 3502 661 3587 confecerint,
687 3502 782 3566 inte
809 3523 909 3567 unum
936 3484 1119 3696 atque,

642 3601 656 3634 ’·
823 3604 877 3658 ³6*
1071 3614 1074 3619 '
