2446 3944
519 232 588 292 .-
635 196 787 260 262-

169 361 301 443 aceepta
319 359 369 422 est
390 355 540 421 hostibus
564 354 698 420 deditus.
742 353 921 420 Honestius
943 354 997 420 hic
1020 349 1118 439 quam
1138 352 1177 431 Q.

168 445 349 530 Pompeius,
373 465 445 529 quo,
469 465 542 508 cum
564 443 600 508 in
622 443 733 508 eadem
752 464 850 509 causa
868 447 962 526 esset,
981 443 1176 528 deprecante

169 537 300 619 accepta
323 532 376 597 lex
398 553 464 597 non
486 535 544 596 est.
589 529 653 596 Hic
675 553 723 615 ea,
745 552 828 616 quae
845 531 1016 595 videbatur
1036 531 1175 615 utilitas,

168 623 243 707 plus
266 621 371 687 valuit
393 641 490 703 quam
513 619 680 702 honestas,
705 618 790 703 apud
814 619 995 704 superiores
1018 619 1174 684 utilitatis

118 706 398 865 nosppeilegnfallsp
413 707 454 859 ab
472 706 654 858 hpnestatis
673 707 871 859 auctodritate³
885 710 1039 858 superata
1052 710 1110 771 est.
1130 742 1175 756 -

357 817 430 860 eur
464 815 661 860 raumesse
717 817 737 858 u
1121 795 1128 808 “

172 922 209 933 -
235 883 335 970 Quasi
357 904 434 949 vero
456 881 536 948 forti
562 882 633 947 viro
656 816 716 947 iii1
731 815 1080 966 gossitaaciliilitiffff
1097 817 1175 948 iiii

168 973 270 1058 igitur
292 971 334 1036 ad
356 973 504 1035 senatum
527 969 800 1055 proficiscebatur,
822 992 895 1037 cum
917 971 1111 1055 praesertim
1135 971 1175 1036 de

167 1058 702 1233 liplttleiilllltffiilffl?
717 1056 809 1132 Quod
823 1059 1099 1211 illuit?
1113 1063 1176 1213 ⁰⁵3

470 1197 477 1210 .
574 1168 595 1209 u
628 1167 713 1210 emm
746 1167 949 1212 suo1urelo
982 1168 1059 1211 se1
1115 1169 1152 1212 se

168 1236 310 1321 suscepit
333 1256 477 1317 eausam,
508 1237 546 1298 ut
572 1237 658 1297 esset
685 1232 837 1298 iudicium
862 1238 1008 1319 senatus3
1036 1198 1088 1300 eui
1108 1235 1176 1300 nisi

167 1325 237 1409 ipse
261 1326 373 1388 auctor
394 1322 519 1406 fuisset,
541 1321 663 1406 captivi
685 1321 831 1406 profecto
854 1320 971 1386 Poenis
990 1322 1107 1386 redditi
1126 1345 1176 1389 cs-

168 1417 253 1496 sent3
275 1412 324 1476 ita
341 1410 512 1475 incolumis
530 1409 565 1473 in
583 1409 691 1494 patria
704 1408 850 1496 Regulus
866 1410 1050 1475 restitisset.
1080 1409 1176 1486 Quod

168 1501 244 1584 quia
266 1498 392 1585 patriae
413 1519 480 1563 non
501 1497 581 1562 utile
604 1497 746 1582 putavit,
770 1497 889 1562 idcirco
913 1498 976 1563 sibi
998 1499 1174 1564 honestum

168 1591 201 1654 et
224 1588 344 1652 sentire
365 1587 424 1650 illa
442 1590 475 1651 et
492 1586 563 1670 pati
581 1585 723 1650 credidit.
763 1583 850 1650 Nam
867 1587 952 1670 quod
967 1586 1067 1670 aiunt,
1086 1589 1175 1671 quod

167 1676 261 1741 valde
278 1675 360 1739 utile
378 1675 430 1757 sit,
453 1674 486 1737 id
504 1674 575 1738 fieri
591 1674 773 1756 honestum,
794 1674 893 1738 immo
912 1696 988 1740 vero
1008 1696 1078 1739 esse
1105 1697 1174 1740 non

166 1763 246 1828 fieri.
281 1761 343 1826 Est
366 1762 451 1826 enim
473 1761 555 1825 nihil
573 1762 662 1846 utile,
685 1763 771 1847 quod
792 1762 878 1827 idem
901 1784 967 1827 non
989 1726 1174 1847 honeitum,

165 1872 233 1933 nec,
257 1851 332 1934 quia
353 1849 444 1933 utile,
466 1849 653 1933 honestum,
683 1850 751 1932 sed,
774 1849 850 1933 quia
871 1849 1058 1933 honestum,
1081 1850 1173 1915 utile.

167 1937 273 2013 Quare
296 1960 335 2002 ex
354 1937 467 2001 multis
486 1937 690 2002 mirabilibus
709 1937 865 2020 exemplis
883 1937 970 2002 haud
987 1936 1084 2002 facile
1098 1939 1173 2022 quis

167 2025 283 2090 dixerit
305 2026 367 2090 hoc
385 2026 530 2109 exemplo
559 2029 616 2090 aut
641 2024 837 2090 laudabilius
861 2029 918 2089 aut
939 2027 1175 2108 praestantius.

115 2093 164 2219 {1¹
203 2201 209 2214 .
233 2110 296 2214 Sed
319 2133 357 2176 ex
379 2114 451 2177 tota
473 2112 534 2177 hac
553 2112 648 2177 laude
671 2112 790 2198 Reguli
812 2134 911 2178 unum
933 2111 1015 2175 illud
1038 2115 1089 2175 est
1115 2114 1173 2177 ad·

167 2203 339 2265 m1rat10ne
367 2201 513 2285 dignum,
541 2200 626 2284 quod
649 2201 795 2285 captivos
824 2199 1006 2265 retinendos
1035 2201 1173 2267 censuit.

165 2286 252 2353 Nam
276 2288 361 2372 quod
382 2288 492 2371 rediit,
522 2289 616 2353 nobis
644 2309 728 2353 nunc
755 2288 904 2354 mirabile
930 2287 1070 2372 videtur,
1102 2288 1173 2354 illis

167 2376 296 2460 quidem
323 2376 523 2460 temporibus
552 2377 647 2440 aliter
677 2376 783 2442 facere
810 2399 876 2441 non
907 2375 1027 2461 potuit3
1059 2376 1173 2461 itaque

165 2464 231 2530 ista
259 2464 331 2529 laus
358 2485 424 2528 non
451 2466 501 2527 est
526 2464 683 2549 hominis,
713 2464 769 2528 sed
796 2467 988 2549 temporum.
1033 2463 1173 2531 Nullum

166 2552 251 2617 enim
265 2552 428 2617 vinculum
443 2551 484 2616 ad
498 2552 717 2637 astrigendam
728 2551 824 2617 fidem
838 2552 1057 2618 iureiurando
1072 2554 1173 2619 maio·

165 2661 217 2705 res
232 2640 334 2705 artius
349 2661 419 2704 esse
432 2640 612 2705 voluenmt.
639 2640 678 2704 ld
691 2641 834 2705 indicant
848 2641 936 2726 leges
954 2641 990 2705 in
1003 2641 1172 2708 duodecim

165 2729 302 2813 tabulis,
332 2728 476 2803 indicant
508 2731 669 2812 sacratae,
699 2729 844 2793 indicant
874 2727 1018 2812 foedera,
1053 2729 1172 2812 quibus

166 2817 265 2882 etiam
292 2839 365 2881 cum
390 2816 485 2880 hoste
519 2815 696 2880 devincitur
722 2817 818 2899 fides,
845 2815 990 2880 indicant
1020 2817 1172 2882 notiones

15 2978 20 2983 ,
166 2904 523 2987 animadversionesque
551 2925 732 2987 censorum,
764 2904 820 2987 qui
851 2904 943 2968 nulla
970 2903 1009 2968 de
1036 2926 1072 2969 re
1100 2905 1173 2969 dili·

114 2994 308 3078 urgentius
332 3015 429 3076 quam
452 2992 490 3055 de
512 2991 581 3055 iure
603 2990 737 3056 iurando
759 2991 955 3056 iudicabant.
988 2991 1024 3056 L.
1046 2991 1172 3058 Manlio

165 3079 204 3144 A.
226 3080 258 3164 f.‚
281 3102 353 3145 cum
377 3080 516 3144 dictator
538 3078 662 3161 fuisset,
685 3077 727 3141 M.
745 3077 943 3164 Pomponius
962 3082 1002 3144 tr.
1021 3079 1066 3164 pl.
1085 3079 1173 3144 diem

165 3168 256 3251 dixit,
279 3167 364 3250 quod
381 3167 409 3232 is
428 3188 547 3250 paucos
566 3167 630 3231 sibi
644 3167 711 3230 dies
726 3166 767 3230 ad
781 3167 976 3232 dictaturam
995 3168 1174 3253 gerendam

164 3255 354 3338 addidisset3
377 3254 610 3328 criminabatur
628 3254 735 3336 etiam,
754 3255 840 3338 quod
853 3254 965 3320 Titum
981 3256 1096 3341 filium,
1115 3255 1175 3341 qui

163 3345 278 3425 postea
301 3346 351 3406 est
373 3342 557 3426 Torquatus
585 3341 782 3427 appellatus,
810 3344 851 3408 ab
879 3343 1065 3408 hominibus
1090 3345 1174 3411 rele-

165 3433 276 3514 gasset
294 3433 327 3495 et
349 3430 418 3495 ruri
435 3431 584 3496 habitare
601 3429 759 3495 iussisset.
791 3430 884 3506 Quod
901 3453 974 3497 cum
993 3432 1175 3500 audivisset

67 3575 75 3600 ,
163 3517 350 3584 adulescens
372 3518 474 3603 filius,
500 3518 669 3605 negotium
692 3518 836 3583 exhiberi
861 3520 964 3606 patri,
993 3522 1175 3588 accurrisse
