2446 3944
538 192 779 256 -278-

155 355 310 442 legimus,
341 375 437 437 quem
459 352 692 438 philosophum
717 373 784 417 non
807 351 1065 418 contemnimus?
1095 352 1168 421 Nec

154 465 232 509 vero
256 442 313 506 ille
331 441 366 505 in
384 442 455 506 luce
473 441 569 505 modo
589 444 685 524 atque
703 439 739 504 iu
756 439 859 504 oeulis
878 439 997 506 civium
1016 462 1168 528 magnus,

157 531 213 597 sed
235 531 323 594 intus
343 528 492 613 domique
511 527 739 613 praestantior.
771 526 834 602 Qui
848 549 963 612 sermo,
978 551 1060 612 quae
1074 553 1168 614 prae-

156 621 259 703 cepta,
278 621 401 701 quanta
414 616 533 681 notitia
547 615 763 700 antiquitatis,
778 616 914 680 seientia
927 616 1007 680 iuris
1023 618 1165 702 augurii!

154 706 279 771 Multae
303 704 411 788 etiam,
433 709 471 769 ut
493 704 528 768 in
549 703 680 769 homine
702 703 861 789 Romano,
884 704 1028 788 litterae3
1055 706 1166 771 omnia

156 793 313 859 memoria
335 793 468 858 tenebat
489 814 555 857 non
578 791 755 857 domestica
779 793 894 876 solum,
918 792 975 856 sed
995 792 1095 857 etiam
1114 815 1167 858 ex-

156 886 250 947 terna
272 882 371 946 bella.
416 878 513 945 Ouius
537 902 684 945 sermone
709 879 758 944 ita
784 884 855 944 tum
882 880 995 964 cupide
1022 880 1167 965 fruebar,

106 1041 140 1166 d

158 969 251 1054 quasi
265 969 331 1034 iam
346 968 533 1051 divinarem,
555 967 589 1032 id
602 968 689 1052 quod
710 968 826 1051 evenit,
844 967 904 1032 illo
924 968 1065 1033 extincto
1084 969 1166 1052 fore,

157 1058 242 1122 unde
269 1057 437 1138 discerem,
466 1055 637 1121 neminem.
682 1054 843 1130 Quorsum
865 1056 966 1142 igitur
993 1057 1073 1121 haec
1095 1061 1167 1122 tam

158 1147 263 1211 multa
286 1145 325 1209 de
351 1144 515 1209 Maximo?
547 1141 630 1219 Quia
656 1143 803 1228 profecto
829 1144 946 1209 videtis
972 1144 1065 1209 nefas
1093 1167 1165 1210 esse

159 1234 247 1299 dictu
276 1233 428 1298 miseram
455 1231 555 1296 fuisse
582 1232 683 1296 talem
706 1235 912 1297 senectutem.
956 1231 1025 1296 Nec
1052 1236 1167 1297 tamen

159 1342 270 1387 omnes
293 1323 430 1406 possunt
453 1341 523 1384 esse
546 1317 711 1404 Scipiones
735 1324 792 1385 aut
813 1319 956 1403 Maximi,
977 1322 1015 1384 ut
1033 1320 1166 1385 urbium

159 1409 424 1495 expugnationes,
442 1411 478 1472 ut
496 1409 659 1493 pedestres
677 1409 850 1473 navalesve
867 1428 1004 1492 pugnas,
1021 1410 1059 1472 ut
1075 1408 1166 1473 bella

159 1520 227 1564 ase
242 1500 343 1583 gesta,
362 1499 398 1561 ut
416 1496 599 1581 triumphos
616 1497 831 1561 recordentur.
861 1494 923 1559 Est
942 1495 1040 1559 etiam
1054 1496 1165 1579 quiete

159 1590 192 1651 et
214 1607 293 1671 pure
317 1589 414 1669 atque
437 1585 604 1671 eleganter
627 1588 717 1649 actae
741 1582 857 1647 aetatis
876 1583 1004 1667 placida
1022 1605 1060 1648 ae
1079 1584 1163 1648 lenis

159 1678 317 1759 senectus,
340 1674 469 1758 qualem
489 1673 669 1758 accepimus
692 1670 848 1755 Platonis,
871 1670 926 1754 qui
944 1691 1008 1735 uno
1024 1673 1056 1735 et
1075 1674 1165 1736 octo·

160 1763 284 1850 gesimo
307 1784 392 1828 anno
417 1762 559 1826 scribens
586 1763 636 1824 est
659 1762 819 1843 mortuus,
847 1758 976 1841 qualem
997 1758 1165 1843 Isocratis,

160 1851 216 1937 qui
230 1874 303 1917 eum
317 1850 444 1932 librum,
454 1849 510 1933 qui
518 1846 775 1912 Panathenaicus
785 1845 980 1929 inscribitur,
1000 1851 1118 1929 quarto
1129 1852 1164 1912 et

158 1939 369 2027 nonagesimo
389 1958 473 2003 anno
493 1933 659 2017 scripsisse
678 1954 712 1997 se
731 1933 809 1998 dicit
827 1933 971 2017 vixitque
985 1935 1164 2018 quinquen·

158 2029 248 2094 nium
262 2031 389 2113 postea3
408 2023 496 2089 cuius
511 2020 668 2104 magister
680 2019 857 2086 Leontinus
873 2021 1011 2108 Gorgias
1030 2027 1163 2088 centum

160 2122 192 2182 et
225 2120 348 2202 septem
380 2109 553 2192 complevit
584 2128 685 2171 annos
717 2130 821 2192 neque
852 2132 1007 2194 umquam
1032 2110 1068 2173 in
1102 2132 1162 2176 suo

159 2205 266 2271 studio
289 2205 386 2283 atque
409 2217 504 2279 opere
527 2193 674 2258 cessavit.
714 2193 785 2280 Qui,
809 2219 881 2262 oum
905 2219 1003 2262 exeo
1027 2220 1162 2282 quaere-

158 2296 255 2371 retur,
278 2308 334 2353 eur
351 2289 420 2346 tam
439 2282 492 2345 diu
510 2280 609 2345 vellet
628 2302 697 2345 esse
715 2282 750 2346 in
767 2285 851 2348 vita:
876 2284 997 2349 ‘Nihil
1015 2286 1162 2370 habeo’,

158 2377 275 2461 inquit,
308 2370 416 2454 ‘quod
445 2389 617 2432 accusem
650 2372 907 2437 senectutem?
952 2373 1162 2440 Praeclarum

107 2483 140 2532 14
157 2478 345 2545 responsum
369 2459 401 2520 et
425 2455 518 2519 docto
541 2455 672 2521 homine
695 2458 837 2544 dignum.
881 2458 946 2525 Sua
969 2462 1055 2526 enim
1078 2464 1162 2528 vitia

156 2547 344 2629 insipientes
368 2545 400 2606 et
420 2564 511 2606 suam
534 2545 662 2629 culpam
686 2545 721 2608 in
750 2552 947 2614 senectutem
976 2550 1161 2635 conferunt3

156 2632 241 2716 quod
272 2651 337 2694 non
367 2630 507 2695 faciebat
538 2631 580 2716 is,
612 2633 701 2697 cuius
735 2636 830 2700 modo
862 2637 1060 2702 mentionem
1088 2639 1161 2724 feci,

154 2718 292 2784 Ennius:

199 2803 305 2869 Sicut
322 2804 442 2870 fortis
461 2828 592 2891 equus,
616 2809 745 2893 spatio
765 2811 830 2894 qui
849 2834 961 2898 saepe
981 2835 1159 2898 supremo

198 2891 304 2956 Vicit
318 2891 508 2977 Olympia,
526 2917 623 2961 nunc
643 2897 750 2961 senio
770 2899 967 2965 confectus
983 2901 1160 2985 quiescit.

154 2979 240 3063 Equi
257 2980 353 3044 fortis
374 2985 407 3045 et
420 2982 552 3046 victoris
572 2985 730 3049 senectuti
746 2992 913 3070 comparat
928 3011 1028 3053 suam.
1057 2989 1160 3065 Quem

155 3068 284 3151 quidem
306 3069 407 3153 probe
430 3070 614 3135 meminisse
636 3074 790 3156 potestis3
814 3096 897 3140 anno
921 3077 1006 3140 enim
1029 3078 1161 3144 undevi-

155 3156 295 3220 censimo
319 3160 395 3239 post
417 3156 485 3220 eius
508 3162 646 3222 mortem
671 3159 707 3222 hi
724 3162 889 3245 consules,
908 3162 942 3227 T.
956 3163 1159 3230 Flamininus

154 3244 187 3304 et
209 3241 261 3306 M'.
280 3242 414 3327 Acilius,
436 3243 515 3308 facti
539 3250 622 3329 sunt,
645 3247 702 3310 ille
726 3251 834 3312 autem
859 3248 1018 3335 Caepione
1038 3257 1071 3316 et
1085 3252 1160 3318 Phi·

152 3327 243 3412 lippo
261 3330 380 3394 iterum
396 3332 582 3397 oonsulibus
600 3338 748 3399 mortuus
768 3340 828 3421 est,
846 3359 918 3402 cum
937 3359 998 3423 ego
1017 3341 1160 3426 quinque

153 3419 185 3477 et
205 3417 374 3502 sexaginta
392 3441 493 3484 annos
512 3424 608 3485 natus
623 3421 731 3506 legem
744 3422 922 3490 Voconiam
941 3448 1062 3512 magna
1079 3451 1159 3495 voce

153 3503 288 3568 ethonis
303 3506 459 3570 lateribus
470 3508 566 3573 suasi.
585 3506 647 3573 Sed
657 3531 759 3576 annos
770 3513 978 3600 septuaginta
986 3519 1085 3580 natus
1094 3515 1160 3606 (tot
