2446 3944
111 1190 154 1316 e

111 1587 146 1637 62

113 2285 147 2334 63

549 178 789 244 -210-

166 343 241 409 simi
270 364 337 409 non
367 341 521 426 probant,
548 343 586 406 ut
617 344 651 405 et
676 340 729 406 hic
756 341 827 426 ipse
853 340 1040 425 Panaetius,
1073 364 1172 426 quern

165 432 305 498 multum
326 430 362 494 in
383 429 434 494 his
457 429 551 493 libris
574 432 702 494 secutus
725 450 811 512 sum,
837 450 904 495 non
925 429 1172 517 interpretatus,

166 523 198 584 et
211 518 388 583 Phalereus
400 516 594 601 Demetrius,
618 516 674 600 qui
685 515 852 600 Periclem,
874 517 1053 602 principem
1072 517 1172 585 Grae·

165 608 247 690 ciue,
273 606 450 690 vituperat,
482 605 567 688 quod
593 608 721 669 tantam
746 605 915 690 pecuniam
941 605 976 670 in
1001 607 1173 689 praeclara

164 695 224 759 illa
246 693 423 777 propylaea
444 692 624 757 coniecerit.
669 689 733 756 Sed
755 692 794 756 de
816 692 878 757 hcc
902 713 1017 777 genere
1039 697 1112 759 toto
1135 695 1173 760 in

163 783 205 847 iis
232 781 339 864 libris,
366 801 446 865 quos
474 781 513 845 de
539 802 574 844 re
600 780 731 865 publiea
758 780 886 864 scripsi,
919 779 1091 865 diligenter
1119 787 1173 848 est

165 870 374 953 disputatum.
410 867 494 932 Tota
515 868 618 953 igitur
639 868 724 932 ratio
747 867 863 932 talium
885 868 1098 952 largitionum
1117 891 1172 956 ge·

164 979 240 1023 nere
262 956 381 1022 vitiosa
405 959 463 1040 est,
485 956 686 1039 temporibus
708 955 899 1039 necessaria,
923 960 955 1019 et
973 959 1044 1021 tum
1061 958 1172 1042 ipsum

165 1049 198 1110 et
221 1044 262 1109 ad
283 1043 457 1108 facultates
480 1042 750 1108 accommodanda
773 1047 805 1107 et
824 1043 1045 1110 mediocritate
1063 1047 1171 1112 mode·

164 1132 266 1198 randa
289 1135 347 1196 est.

231 1219 271 1283 In
292 1219 351 1284 illo
371 1221 480 1283 autem
499 1218 602 1284 altero
622 1239 739 1304 genere
757 1219 926 1304 largiendi,
949 1219 1036 1303 quod
1054 1241 1074 1285 a
1090 1220 1172 1286 libe

164 1308 296 1373 ralitate
310 1305 534 1391 proficiscitur,
548 1327 616 1370 non
628 1327 692 1370 uno
707 1306 803 1372 modo
817 1307 852 1370 in
866 1305 1048 1390 disparibus
1064 1309 1171 1374 causis

165 1394 284 1462 adfecti
306 1416 376 1459 esse
399 1394 560 1459 debemus.
605 1392 682 1458 Alia
705 1415 802 1458 causa
825 1397 875 1458 est
898 1394 979 1478 eius,
1008 1395 1063 1478 qui
1085 1398 1171 1461 cala·

165 1484 280 1549 mitate
298 1483 465 1566 premitur,
483 1485 516 1545 et
534 1482 611 1560 eius,
630 1481 687 1565 qui
699 1503 751 1545 res
765 1481 915 1546 meliores
929 1483 1056 1565 quaerit
1068 1484 1171 1550 nullis

166 1572 232 1637 suis
256 1571 352 1635 rebus
375 1569 528 1634 adversis.
562 1568 758 1653 Propensior
780 1569 965 1655 benignitas
989 1592 1059 1635 esse
1076 1571 1171 1638 debe·

164 1660 214 1725 bit
236 1658 272 1722 in
294 1657 514 1740 calamitosos,
540 1657 605 1722 nisi
630 1656 716 1721 forte
744 1660 839 1721 erunt
861 1656 951 1741 digni
973 1659 1171 1726 calamitate.

164 1747 204 1811 In
225 1746 266 1809 iis
288 1748 408 1829 tamen,
431 1744 486 1828 qui
509 1765 543 1807 se
567 1744 712 1809 adiuvari
730 1744 850 1827 volent,
872 1766 938 1810 non
955 1767 995 1809 ne
1013 1747 1172 1833 adfligan-

164 1838 232 1916 tur,
255 1832 312 1897 sed
333 1836 370 1897 ut
393 1832 543 1896 altiorem
566 1831 702 1915 gradum
725 1832 914 1916 ascendant,
937 1833 1080 1899 restricti
1102 1857 1171 1900 om-

164 1921 241 1986 nino
261 1940 330 1984 esse
348 1919 439 1984 nullo
462 1918 558 1983 modo
581 1917 743 2002 debemus,
766 1920 879 1984 sedin
903 1920 1080 2005 deligendis
1102 1923 1171 1989 ido-

165 2009 234 2074 neis
252 2007 404 2071 iudicium
428 2009 460 2071 et
484 2006 687 2091 diligentiam
705 2006 867 2072 adhibere.
900 2006 986 2072 Nam
1003 2011 1170 2093 praeclare

165 2096 303 2160 Ennius:

209 2182 311 2246 Bene
338 2180 442 2245 facta
465 2183 564 2246 male
586 2183 718 2246 locata
741 2184 839 2247 male
861 2182 967 2249 facta
989 2185 1170 2252 arbitror.

167 2269 258 2346 Quod
281 2273 390 2333 autem
412 2268 571 2333 tributum
595 2273 645 2333 est
666 2270 752 2335 bono
774 2270 845 2336 viro
874 2275 907 2335 et
934 2275 1042 2357 grato,
1068 2274 1103 2337 in
1131 2296 1170 2340 eo

166 2380 238 2424 cum
262 2379 300 2421 ex
321 2357 394 2441 ipso
411 2356 536 2422 fructus
555 2360 613 2435 est,
635 2361 706 2423 tum
724 2358 824 2423 etiam
843 2380 882 2422 ex
899 2360 1023 2424 ceteris.
1059 2360 1170 2426 Teme

165 2446 264 2510 ritate
291 2445 376 2509 enim
403 2447 529 2509 remota
556 2445 744 2530 gratissima
770 2449 821 2511 est
843 2446 1038 2531 liberalitas,
1068 2470 1170 2532 eoque

167 2555 239 2598 eam
257 2531 432 2598 studiosius
449 2532 596 2617 plerique
614 2533 757 2616 laudant,
777 2534 862 2617 quod
880 2535 998 2598 summi
1017 2536 1170 2620 cuiusque

165 2621 295 2687 bonitas
309 2642 476 2686 commune
490 2619 674 2704 perfugium
688 2624 738 2685 est
752 2621 903 2686 omnium.
934 2621 1051 2686 Danda
1068 2624 1171 2710 igitur

167 2730 265 2793 opera
287 2711 346 2791 est,
369 2712 405 2773 ut
428 2709 467 2771 iis
490 2708 653 2773 beneficiis
676 2730 773 2793 quam
796 2709 954 2794 plurimos
973 2711 1171 2796 adiiciamus,

166 2819 303 2881 quorum
325 2795 481 2860 memoria
503 2795 614 2859 liberis
636 2796 839 2880 posterisque
866 2798 1035 2882 prodatur,
1064 2801 1102 2862 ut
1128 2799 1170 2864 iis

165 2884 305 2969 ingratis
337 2905 407 2948 esse
438 2905 504 2947 non
534 2883 640 2948 liccat.
691 2882 809 2948 Omnes
842 2885 927 2948 enim
958 2885 1171 2951 inmemorem

165 2970 313 3036 beneficii
335 2971 472 3035 oderunt
495 2992 628 3053 eamque
650 2971 801 3036 iniuriam
823 2972 858 3035 in
881 2972 1070 3038 deterrenda
1092 2973 1172 3039 libe-

165 3059 297 3124 ralitate
316 3058 378 3122 sibi
397 3058 496 3122 etiam
513 3057 584 3122 fieri
603 3080 747 3142 eumque,
765 3059 821 3143 qui
836 3058 946 3137 faciat,
968 3082 1173 3126 communem

165 3147 294 3211 hostem
308 3145 490 3210 tenuiorum
503 3148 628 3229 putant.
656 3144 764 3229 Atque
778 3147 857 3211 haec
870 3147 1056 3233 benignitas
1071 3149 1173 3215 etiam

165 3234 213 3297 rei
235 3233 383 3317 publicae
407 3237 456 3297 est
474 3233 574 3311 utilis,
596 3233 711 3297 redimi
729 3255 746 3297 e
765 3223 920 3299 servitute
939 3238 1062 3319 captos,
1084 3236 1173 3302 locu·

165 3321 285 3404 pletari
307 3320 483 3404 tenuiores,
507 3321 592 3404 quod
615 3321 743 3404 quidem
766 3322 863 3407 volgo
888 3323 1020 3388 solitum
1038 3323 1109 3389 fieri
1128 3325 1172 3390 ab

167 3406 276 3472 ordine
294 3411 407 3473 nostro
426 3408 460 3471 in
478 3408 624 3473 oratione
639 3406 749 3473 Crassi
763 3410 919 3494 scriptum
938 3411 1067 3495 copiose
1085 3411 1173 3478 vide·

165 3517 246 3560 mus.
282 3493 376 3560 Hanc
394 3517 472 3581 ergo
491 3496 754 3562 consuetudinem
772 3497 983 3585 benignitatis
1002 3499 1173 3584 largitioni
