2446 3944
403 148 767 254 ·-261-'

125 355 263 441 Ne‘que
287 356 372 421 dedi
393 378 519 441 neque
542 357 587 422 do
610 355 770 424 infideli
792 354 969 442 cuiquam

81 445 200 511 idcirco
223 448 311 509 recte
334 467 354 510 a
379 450 489 530 po'e'ta,
517 446 608 529 quia,
636 468 708 510 cum
735 449 932 511 tractaretur
958 446 1087 534 Atreus,

82 555 240 619 personae
269 532 473 598 serviendum
504 533 576 598 fuit.
621 531 683 598 Sed
711 533 739 598 si
770 534 832 599 hoc
861 535 924 598 sibi
951 541 1088 622 sument,

82 622 207 687 nullam
230 642 300 685 esse
322 620 432 706 fidem,
455 643 538 705 quae
559 621 681 686 infideli
704 622 780 687 data
802 623 856 706 sit,
876 622 1021 708 videant,
1047 645 1088 690 ne

83 712 258 794 quaeratur
271 709 399 774 latebra
412 709 562 793 periurio.
598 709 673 789 [Est
691 710 867 774 antemius
891 711 989 776 etiam
1007 713 1139 778 bel-107

82 799 181 862 licum
199 798 342 880 fidesque
359 797 440 861 iuris
458 797 585 862 iurandi
598 818 693 880 saepe
712 819 784 861 cum
797 797 893 863 hoste
907 801 1087 882 servanda]

84 885 176 961 Quod
196 885 285 949 enim
307 885 355 949 ita
377 884 520 949 iuratum
543 887 606 969 est,
632 888 670 949 ut
696 906 787 949 mens
813 886 995 971 conciperet
1017 888 1088 952 fieri

85 976 244 1057 oportere,
265 972 299 1036 id
316 972 510 1038 servandum
533 977 595 1056 est3
619 973 705 1056 quod
728 973 832 1056 aliter,
853 973 887 1037 id
911 974 938 1037 si
960 997 1027 1040 non
1043 975 1088 1041 fe·

85 1061 173 1144 cerit,
185 1061 312 1124 nullum
326 1063 376 1124 cst
393 1060 578 1145 periurium.
610 1059 664 1143 Ut,
679 1061 708 1125 si
720 1061 937 1146 praedonibus
955 1067 1088 1147 pactum
1205 1088 1209 1093 ”

83 1170 143 1234 pro
167 1149 272 1232 capite
295 1148 435 1232 pretium
456 1169 523 1213 non
546 1148 695 1213 attuleris
702 1199 711 1232 ,
740 1149 832 1214 nulla
854 1149 944 1213 daus
968 1152 1025 1234 sit,
1046 1173 1088 1215 ne

85 1237 113 1301 si
134 1237 260 1302 iuratus
284 1236 413 1319 quidem
436 1236 470 1299 id
491 1258 557 1301 non
578 1236 708 1321 feceris,
729 1259 807 1301 nam
829 1237 938 1321 pirata
953 1259 1020 1303 non
1038 1242 1088 1304 est

85 1346 123 1389 cx
145 1324 359 1410 perduellium
380 1345 514 1389 numero
534 1324 694 1408 definitus,
712 1326 767 1389 sed
786 1325 963 1390 communis
982 1326 1088 1391 hostis

85 1413 242 1497 omnium,
274 1434 345 1476 cum
372 1412 434 1477 hoc
462 1433 522 1477 nee
543 1412 623 1476 fides
647 1412 742 1477 debet
763 1434 822 1478 nec
843 1413 895 1477 ius
917 1413 1088 1479 iurandum

85 1522 155 1565 esse
169 1521 345 1566 commune.
377 1499 453 1564 Non
466 1499 552 1564 enim
570 1500 690 1564 falsum
707 1500 814 1565 iurare
828 1500 997 1584 periurare
1015 1507 1140 1585 est,108

85 1589 149 1672 sed,
168 1587 254 1672 quod
271 1605 319 1652 nx
337 1605 437 1652 nrum
454 1605 513 1652 rur
532 1605 727 1655 SENTENTIA
742 1587 868 1671 iuraris,
883 1589 966 1653 sicut
980 1589 1087 1655 verbis

85 1677 265 1761 concipitur
287 1698 376 1740 more
398 1679 526 1760 nostro,
554 1675 588 1740 id
614 1697 681 1741 non
701 1675 806 1740 facere
828 1676 1006 1760 periurium
1029 1682 1088 1744 est.

85 1762 171 1830 Seite
193 1764 279 1828 enim
300 1763 484 1848 Euripides:

128 1851 431 1937 Iura‘vitlingua,
452 1853 619 1915 mentem
641 1851 853 1916 iniurata'cm
877 1872 977 1938 gero.

84 1939 230 2024 Regulus
264 1961 342 2005 vero
377 1961 444 2003 non
479 1939 590 2003 debuit
620 1938 822 2004 condiciones
857 1940 1087 2024 pactionesque

84 2027 219 2092 bellicas
252 2030 285 2091 et
310 2027 447 2091 hostiles
474 2027 665 2111 perturbare
691 2027 843 2111 periurio.
888 2026 970 2092 Cum
1000 2028 1088 2094 iusto

85 2115 170 2179 enim
194 2118 227 2179 et
249 2115 396 2199 legitimo
419 2115 513 2179 hoste
535 2136 587 2179 res
611 2115 792 2200 gerebatur,
816 2115 968 2180 adversus
993 2138 1088 2199 quem

85 2206 118 2267 et
140 2206 247 2268 totum
268 2203 319 2266 ius
348 2202 459 2267 fetiale
488 2206 521 2267 et
552 2203 657 2267 multa
688 2207 764 2267 sunt
794 2203 867 2268 iura
898 2204 1088 2269 communia.

85 2289 177 2366 Quod
195 2291 230 2354 ni
247 2291 295 2354 ita
314 2293 408 2373 esset,
426 2312 602 2374 numquam
623 2291 728 2355 claros
748 2291 835 2357 viros
855 2295 985 2355 senatus
1003 2292 1089 2357 vino·

83 2382 137 2444 tos
160 2378 309 2443 hostibus
333 2378 514 2443 dedidisset.

146 2465 194 2530 At
215 2487 291 2531 vero
310 2464 346 2530 T.
359 2464 513 2530 Veturius
532 2470 565 2530 et
583 2463 637 2550 Sp.
654 2465 841 2530 Postumius
865 2488 938 2530 cum
955 2466 1074 2531 iterum
1090 2445 1141 2570 ὣς

85 2555 233 2619 consules
253 2558 370 2637 essent,
389 2555 473 2638 quia,
496 2576 569 2618 cum
591 2553 677 2616 male
699 2557 881 2638 pugnatum
904 2553 989 2637 apud
1007 2551 1088 2618 Cau·

85 2642 173 2706 dium
195 2645 289 2724 esset,
312 2642 494 2727 legionibus
508 2640 629 2706 nostris
644 2640 831 2724 subiugum
849 2639 956 2703 missis
975 2662 1088 2724 pacem

84 2751 157 2795 cum
172 2728 372 2794 Samnitibus
394 2728 547 2812 fecerant,
569 2727 669 2792 dediti
687 2730 763 2792 sunt
781 2727 838 2811 iis3
859 2727 984 2791 iniussu
1002 2727 1088 2790 enim

84 2817 199 2902 populi
230 2821 424 2900 senatusque
450 2816 603 2880 fecerant.
646 2813 832 2897 Eodemque
863 2817 1009 2897 tempore
1039 2813 1088 2877 Ti.

84 2903 263 2989 Numicius,
285 2903 322 2980 Q.
340 2904 486 2988 Maelius,
509 2903 564 2988 qui
586 2907 656 2967 tum
679 2903 802 2967 tribuni
820 2903 862 2987 pl.
877 2903 978 2984 erant,
1002 2901 1088 2984 quod

58 3058 60 3060 ,
85 3015 197 3058 eorum
220 2993 414 3058 auctoritate
437 3014 501 3076 pax
524 2995 595 3056 erat
616 2991 713 3073 facta,
736 2989 835 3054 dediti
858 2992 947 3068 sunt,
969 2990 1007 3052 ut
1024 3011 1088 3072 pax

84 3079 279 3146 Samnitium
301 3081 539 3164 repudiaretur3
570 3082 666 3162 atque
693 3078 788 3142 huius
817 3075 988 3141 deditionis
1017 3075 1088 3160 ipse

84 3168 281 3250 Postumius,
305 3169 360 3252 qui
381 3168 565 3250 dedebatur,
585 3188 698 3230 suasor
716 3169 749 3229 et
767 3169 880 3230 auctor
896 3163 969 3227 fuit.
996 3162 1089 3239 Quod

83 3256 171 3321 idem
193 3257 307 3321 multis
330 3256 422 3321 annis
445 3258 521 3339 post
544 3253 578 3319 0.
598 3253 775 3336 Mancinus,
799 3253 867 3336 qui,
890 3255 927 3315 ut
945 3249 1088 3317 Numan·

83 3345 176 3428 tinis,
209 3345 399 3428 quibuscum
427 3342 495 3407 sine
523 3345 653 3407 senatus
685 3340 877 3405 auctoritate
903 3338 1016 3404 foedus
1043 3339 1088 3405 fe

84 3436 183 3517 cerat,
206 3432 383 3514 dederetur,
405 3430 610 3516 rogationem
633 3429 736 3494 suasit
758 3450 838 3511 eam,
862 3449 959 3512 quam
976 3425 1012 3492 L.
1081 3494 1086 3503 ,

83 3521 161 3605 rius,
193 3518 264 3585 Sex.
288 3518 410 3584 Atilius
440 3539 479 3583 ex
501 3521 632 3582 senatus
659 3515 807 3582 consulto
830 3515 993 3601 ferebant,
1025 3535 1049 3600 q
