2446 3944
517 236 558 247 -
605 200 758 266 364-

135 362 176 428 ad
199 362 362 428 hominem
381 361 490 426 venire
511 361 641 444 possint
656 361 721 426 nisi
739 383 759 426 a
781 360 849 426 deo.
887 360 1068 446 Singularis
1093 367 1150 428 est

134 452 234 536 igitur
260 449 417 533 quaedam
445 451 562 514 natura
589 453 685 533 atque
711 448 761 514 vis
791 449 890 514 animi
923 451 1069 514 seiuncta
1101 451 1147 516 ab

134 537 186 602 bis
209 537 340 601 usitatis
362 536 513 620 notisque
535 537 670 601 naturis.
714 537 780 620 Ita,
805 536 957 620 quicquid
979 540 1030 602 est
1052 538 1149 622 illud,

135 624 221 709 quod
257 625 369 709 sentit,
405 625 490 707 quod
527 625 630 708 sapit,
666 624 751 708 quod
787 625 886 708 vivit,
922 625 1008 708 quod
1043 625 1148 711 viget,

135 712 272 777 caeleste
306 715 339 776 et
375 711 518 777 divinum
555 713 596 776 ob
629 733 761 795 eamque
792 733 861 776 rem
899 716 1068 777 aeternum
1101 714 1149 777 sit

134 820 264 864 necesse
291 802 350 865 est
397 798 467 864 Nec
494 820 570 864 vero
599 798 676 864 deus
703 800 786 883 ipse,
814 800 870 884 qui
898 800 1102 884 intellegitur
1124 824 1148 866 a

134 888 241 969 nobis,
274 887 339 952 alio
372 887 468 951 modo
500 887 648 972 intellegi
680 890 790 970 potest
820 887 883 951 nisi
914 908 1005 952 mens
1037 888 1146 952 soluta

135 974 293 1059 quaedam
325 977 358 1038 et
387 975 503 1058 libera,
539 978 710 1059 segregata
741 975 781 1039 ab
815 974 903 1038 omni
938 975 1148 1040 concretione

135 1063 279 1145 mortali,
306 1062 416 1127 omnia
443 1061 584 1126 sentiens
612 1065 645 1126 et
670 1083 803 1126 movens
831 1062 965 1146 ipsaque
994 1062 1147 1145 praedita

82 1172 116 1221 67
136 1154 227 1215 motu
259 1146 476 1233 sempiterno?
529 1147 602 1214 Hoc
637 1170 654 1213 e
691 1169 807 1232 genere
844 1153 939 1233 atque
976 1149 1105 1214 eadem*
1125 1171 1146 1214 e

135 1240 251 1302 natura
278 1240 328 1302 est
354 1237 494 1300 humana
522 1257 622 1303 mens.
649 1271 692 1284 ·—
719 1236 785 1302 Ubi
817 1237 918 1322 igitur
948 1240 1005 1301 aut
1037 1237 1146 1320 qualis

136 1328 187 1390 est
222 1325 286 1389 ista
323 1325 438 1389 mens?
476 1359 515 1370 -
555 1323 621 1389 Ubi
656 1328 714 1389 tua
750 1327 807 1388 aut
841 1325 973 1407 qualis?
1007 1328 1145 1409 potesne

137 1412 263 1477 dicere?
291 1434 347 1491 an,
378 1412 407 1477 si
439 1412 547 1476 omnia
579 1411 620 1475 ad
651 1411 901 1496 intellegendum
931 1433 998 1476 non
1028 1411 1147 1496 habeo,

137 1522 218 1584 quae
240 1499 360 1564 habere
378 1499 507 1583 vellem,
529 1521 570 1563 ne
592 1499 633 1563 iis
654 1499 796 1583 quidem,
819 1521 900 1584 quae
918 1500 1039 1582 habeo,
1061 1500 1144 1565 mihi

135 1591 247 1672 perte
273 1588 323 1651 uti
349 1586 481 1651 licebit?
505 1621 546 1633 —
569 1586 645 1652 Non
672 1587 760 1651 valet
785 1589 914 1651 tantum
938 1588 1079 1672 animus,
1107 1592 1148 1651 ut

136 1696 171 1740 se
198 1676 266 1758 ipse
294 1674 410 1738 videat.
440 1708 478 1721 -
507 1674 554 1738 At
581 1677 618 1738 ut
645 1675 769 1756 oculus,
797 1675 843 1739 sic
869 1675 996 1739 animus
1020 1696 1145 1740 senon

136 1763 248 1828 videns
277 1762 342 1826 alia
368 1761 479 1826 cernit.
509 1797 547 1810 -
576 1760 653 1827 Non
678 1761 767 1826 videt
789 1766 911 1845 autem,
939 1761 1026 1845 quod
1048 1763 1145 1826 mini-

137 1870 226 1913 mum
253 1852 316 1933 est,
342 1848 482 1912 formam
510 1869 609 1913 suam.
636 1884 678 1895 —
708 1848 910 1932 Quamquam
939 1849 1078 1914 fortasse
1110 1849 1146 1914 id

136 1957 276 2020 quoque;
300 1935 356 2000 sed
374 1936 609 2019 relinquamus3
632 1936 699 2000 vim
717 1940 814 2020 certe,
839 1936 1061 2020 sagacitatem,
1078 1959 1144 2003 me·

136 2023 290 2105 moriam,
326 2026 466 2106 motum,
502 2023 697 2088 celeritatem
735 2024 829 2088 videt.
888 2023 979 2088 Haec
1015 2045 1144 2108 magna,

137 2110 217 2175 haec
240 2110 361 2191 divina,
383 2109 462 2174 haec
481 2110 678 2193 sempiterna
696 2114 780 2175 sunt.
817 2111 888 2188 Qua
909 2111 991 2176 facie
1013 2112 1145 2196 quidem

11 2203 12 2207 ’
84 2264 93 2294 ς
139 2199 183 2262 sit
205 2200 261 2261 aut
282 2197 339 2262 ubi
361 2197 502 2297 habitet,
524 2219 564 2262 ne
587 2199 802 2298 quaerendum
825 2199 953 2282 quidem
976 2202 1035 2265 est.

89 2341 122 2390 ⁶⁸
137 2283 1147 2458 calliilincolllsstb§Pililbattmldaliffdlitltli

138 2461 281 2545 cogitare
303 2482 370 2525 non
391 2482 577 2545 possumus,
605 2463 676 2524 tum
699 2461 934 2541 vicissitudines
960 2461 1084 2526 dierum
1107 2483 1146 2526 ac

137 2548 281 2612 noctium
309 2548 638 2632 commutationesque
671 2551 851 2632 temporum
886 2549 1145 2633 quadrupertitas

138 2637 179 2701 ad
197 2636 418 2701 maturitatem
435 2636 566 2720 frugum
585 2639 618 2701 et
636 2635 678 2700 ad
695 2638 961 2718 temperationem
975 2658 1147 2719 corporum

138 2723 848 2894 tltattttttttluttttttst
861 2724 1025 2875 tta
1044 2725 1146 2877 witi

136 2897 297 2963 fastorum
338 2901 504 2962 notantem
540 2902 573 2962 et
608 2898 844 2983 significantem
884 2899 969 2982 dies,
1004 2834 1074 2963 turb
1111 2900 1146 2965 in

138 2987 250 3050 eodem
282 2986 360 3050 orbe
390 2986 426 3049 in
457 2985 623 3050 duodecim
653 2989 763 3069 partes
795 2986 970 3051 distributo
1006 2987 1148 3071 quinque

139 3075 249 3138 stellas
275 3073 353 3138 ferri
389 3073 518 3137 eosdem
550 3094 661 3137 cursus
693 3074 955 3140 constantissime
985 3075 1147 3139 servantis

138 3161 320 3245 disparibus
347 3160 432 3224 inter
458 3181 493 3224 se
520 3161 663 3224 motibus
690 3165 944 3244 nocturnamque
971 3161 1053 3225 caeli
1081 3162 1147 3227 for·

138 3269 225 3312 mam
252 3248 392 3332 undique
421 3247 577 3312 sideribus
601 3252 762 3332 ornatam,
791 3251 861 3312 tum
884 3249 1017 3333 globum
1039 3252 1149 3314 terrae

139 3334 333 3399 eminentem
362 3357 380 3400 s
409 3335 505 3419 mari,
534 3334 633 3399 fixum
662 3335 696 3398 in
725 3335 832 3400 medio
864 3336 975 3401 mundi
1003 3336 1149 3401 universi

138 3421 224 3502 loco,
251 3421 375 3487 duabus
403 3422 468 3488 oris
496 3422 691 3487 distantibus
717 3421 931 3488 habitabilem
959 3426 993 3488 et
1015 3424 1149 3509 cultum,

139 3529 275 3592 quarum
297 3510 411 3594 altera,
434 3530 531 3594 quam
553 3531 613 3575 nos
635 3509 821 3595 incolimus,
