2446 3944
524 179 764 245 -234-

144 343 332 409 societatem
346 342 524 408 communis
538 341 693 406 utilitatis
708 363 805 407 causa
824 345 973 406 statuunt
991 362 1061 406 esse
1076 363 1155 407 cum

144 432 281 514 civibus,
309 453 391 515 quae
424 431 585 495 sententia
617 452 745 495 omnem
773 431 962 495 societatem
995 429 1155 494 distrahit

144 518 295 584 civitatis.
341 517 402 594 Qui
425 522 534 584 autem
562 518 681 583 civium
708 518 868 582 rationem
893 519 1003 582 dicunt
1026 517 1154 582 haben-

144 607 231 691 dam,
255 609 461 672 externorum
483 610 619 691 negant,
641 606 666 670 ii
688 606 844 670 dirimunt
867 628 1069 670 communem
1093 607 1155 671 hu-

144 695 233 759 mani
256 694 382 780 generis
406 694 608 777 societatem,
632 716 696 778 qua
715 694 846 758 sublata
864 694 1090 777 beneficentia,
1114 694 1155 758 li-

144 782 313 864 beralitas,
336 782 482 867 bonitas,
505 782 632 846 iustitia
653 781 801 846 funditus
824 782 965 864 tollitur,
989 803 1071 865 quae
1096 782 1156 864 qui

144 872 280 955 tollunt,
312 871 412 936 etiam
443 870 597 934 adversus
626 870 702 935 deos
729 870 920 934 inmortales
951 869 1044 953 impii
1070 870 1156 934 iudi-

144 959 238 1025 candi
261 962 345 1023 sunt.
390 958 443 1023 Ab
471 959 512 1022 iis
540 958 626 1022 enim
654 958 865 1023 constitutam
892 957 978 1021 inter
1000 957 1153 1022 homines

145 1046 333 1111 societatem
360 1047 522 1128 evertunt,
550 1046 639 1110 cuius
667 1046 832 1110 societatis
861 1045 1059 1109 artissimum
1082 1045 1154 1110 vin-

144 1135 253 1200 culum
276 1139 326 1198 est
349 1135 454 1220 magis
474 1133 628 1198 arbitrari
651 1155 721 1198 esse
739 1138 854 1199 contra
875 1137 1027 1198 naturam
1045 1133 1152 1198 homi-

143 1244 218 1287 nem
241 1222 366 1286 homini
389 1222 557 1286 detrahere
585 1222 637 1286 sui
659 1221 819 1286 commodi
842 1243 939 1286 causa
962 1243 1060 1305 quam
1084 1244 1153 1286 om-

143 1310 199 1374 nia
225 1309 429 1375 incommoda
457 1310 565 1375 subire
592 1309 644 1374 rel
673 1313 805 1373 externa
832 1309 885 1373 vel
912 1309 1056 1393 corporis

144 1398 197 1462 vel
229 1398 328 1462 etiam
360 1398 462 1482 ipsius
494 1397 607 1475 animi,
638 1417 720 1481 quae
751 1400 867 1461 vacent
898 1397 1038 1479 iustitia3
1070 1397 1153 1463 haec

144 1486 230 1550 enim
257 1507 322 1550 una
348 1487 453 1551 virtus
481 1485 703 1549 omnium‘est
730 1484 860 1549 domina
888 1488 920 1548 et
947 1485 1061 1570 regina
1087 1485 1153 1550 vir-

144 1577 260 1638 tutum.

91 1676 125 1724 29
210 1661 363 1726 Forsitan
391 1660 552 1745 quispiam
579 1660 709 1725 dixerit:
736 1659 853 1724 Nonne
880 1660 983 1745 igitur
1011 1661 1152 1745 sapiens,

146 1750 175 1813 si
200 1749 286 1813 fame
313 1749 383 1832 ipse
411 1749 608 1825 conficiatur,
635 1748 809 1812 abstulerit
836 1749 943 1812 cibum
971 1748 1068 1813 alteri
1095 1749 1152 1814 ho-

145 1836 226 1900 mini
249 1836 289 1900 ad
314 1836 438 1900 nullam
460 1858 529 1900 rem
551 1835 648 1900 utili?
689 1836 836 1916 [Minime
858 1859 949 1919 vero3
975 1837 1152 1901 nonenim

145 1923 227 1987 mihi
250 1927 300 1988 est
322 1923 391 1989 vita
417 1945 490 1987 mea
517 1924 629 1987 utilior
658 1945 755 2007 quam
778 1924 878 1988 animi
900 1924 977 1988 talis
1002 1923 1151 2008 adfectio,

145 2010 307 2075 neminem
333 2014 371 2075 ut
397 2011 516 2075 violem
543 2011 704 2075 commodi
725 2012 789 2075 mei
812 2011 942 2097 gratia]
988 2010 1094 2086 Quid?
1124 2012 1152 2077 si

145 2098 329 2182 Phalarim,
347 2098 509 2163 crudelem
526 2102 699 2182 tyrannum
720 2103 755 2162 et
772 2100 949 2182 inmanem,
967 2100 1151 2184 virbonus,

146 2208 186 2250 ne
218 2186 288 2270 ipse
318 2185 442 2271 frigore
474 2187 675 2270 conficiatur,
707 2187 829 2252 vestitu
862 2188 1002 2271 spoliare
1035 2188 1150 2272 possit,

91 2288 128 2336 30
146 2294 252 2337 nonne
279 2272 401 2338 faciat?
446 2272 536 2339 Haec
567 2274 608 2339 ad
640 2274 844 2340 iudicandum
877 2279 952 2340 sunt
983 2275 1150 2340 facillima.

146 2360 246 2444 Nam,
270 2362 297 2425 si
317 2361 393 2445 quid
411 2362 452 2426 ab
475 2361 606 2427 homine
624 2363 665 2427 ad
683 2363 808 2427 nullam
825 2367 953 2447 partem
971 2361 1045 2427 utili
1063 2364 1152 2428 utili-

146 2448 225 2513 tatis
248 2452 324 2513 tuae
347 2471 444 2514 causa
466 2449 656 2532 detraxeris,
683 2451 858 2515 inhumane
885 2451 999 2516 feceris
1023 2455 1150 2516 contra·

148 2557 209 2620 que
232 2539 367 2600 naturae
390 2537 510 2622 legem3
534 2538 585 2602 sin
607 2542 716 2602 autem
738 2539 766 2601 is
790 2542 827 2602 tu
851 2539 895 2602 sis
901 2589 909 2622 ,
933 2539 989 2623 qui
1011 2539 1151 2603 multam

147 2624 325 2688 utilitatem
347 2624 395 2688 rei
417 2625 566 2709 publicae
585 2630 682 2709 atque
700 2625 869 2689 hominum
888 2626 1049 2709 societati,
1070 2627 1098 2690 si
1116 2628 1152 2690 in

146 2712 216 2777 vita
233 2733 414 2793 remaneas,
438 2711 562 2777 adferre
580 2712 700 2797 possis,
726 2713 753 2776 si
772 2713 849 2796 quid
867 2714 909 2777 ob
928 2735 1000 2777 eam
1019 2736 1151 2778 causam

148 2800 244 2865 alteri
266 2799 456 2877 detraxeriS,
478 2821 545 2864 non
563 2801 607 2864 sit
624 2800 929 2885 reprehendendum.
966 2799 1023 2865 Sin
1041 2805 1152 2867 autem

147 2888 180 2952 id
201 2909 268 2952 non
295 2887 339 2950 sit
361 2887 429 2951 eius
452 2887 553 2970 modi,
583 2909 677 2952 suum
700 2888 813 2971 cuique
840 2888 1080 2953 incommodum
1106 2889 1152 2954 fe

147 2976 282 3040 rendum
305 2978 356 3039 est
377 2974 487 3059 potius
511 2996 607 3059 quam
631 2975 669 3040 de
693 2976 826 3040 alterius
850 2977 1027 3041 commodis
1047 2977 1153 3042 detra-

147 3063 296 3127 hendum.
336 3060 412 3126 Non
434 3062 536 3148 igitur
559 3063 664 3148 magis
687 3066 737 3127 est
759 3067 873 3129 contra
894 3068 1046 3129 naturam
1068 3088 1155 3130 mor-

148 3151 208 3214 bus
238 3154 294 3214 aut
321 3153 450 3235 egestas
478 3154 535 3214 aut
562 3151 639 3234 quid
666 3151 734 3215 eius
762 3152 849 3215 modi
873 3174 970 3235 quam
994 3152 1153 3219 detractio

149 3240 245 3320 atque
260 3238 417 3322 appetitio
432 3237 539 3322 alieni,
553 3238 609 3302 sed
623 3239 801 3303 communis
816 3239 970 3303 utilitatis
985 3240 1153 3307 derelictio

96 3340 129 3389 31
149 3327 263 3390 contra
279 3329 432 3390 naturam
450 3328 514 3409 est;
536 3329 586 3391 est
605 3326 691 3391 enim
709 3326 838 3392 iniusta.
875 3327 990 3412 Itaque
1008 3329 1062 3393 lex
1079 3329 1154 3413 ipsa

147 3415 296 3493 naturae,
324 3434 406 3496 quae
433 3414 611 3479 utilitatem
638 3415 807 3480 hominum
830 3420 1001 3481 conservat
1024 3420 1058 3481 et
1081 3439 1155 3482 con-

148 3499 244 3584 tinet,
272 3499 420 3566 decernet
447 3501 607 3587 profecto,
634 3505 672 3567 ut
699 3503 741 3567 ab
770 3503 902 3569 homine
928 3504 1027 3568 inerti
1054 3509 1155 3589 atque

71 3600 118 3704 ἱ
