2446 3944
543 177 783 243 -566-

162 342 225 406 dux
257 344 290 404 et
320 339 469 422 princeps
499 342 532 402 et
561 338 747 403 moderator
772 337 930 401 luminum
957 335 1174 420 reliquorum,

162 449 251 493 mens
285 426 397 491 mundi
428 430 461 490 et
492 427 700 510 temperatio,
736 428 829 490 tanta
860 424 1103 510 magnitudine,
1137 429 1174 488 ut

161 518 277 581 cuncta
299 536 358 578 sua
380 514 450 578 luce
469 513 588 578 lustret
606 517 639 577 et
658 514 826 597 compleat.
861 511 957 576 Hunc
974 516 1013 575 ut
1032 511 1173 576 comites

161 605 400 685 consequuntur
423 600 558 665 Veneris
582 602 678 686 alter,
704 601 788 666 alter
809 599 961 665 Mercurii
983 620 1116 682 cursus,
1139 599 1173 662 in

160 690 334 773 infimoque
363 689 442 754 orbe
468 689 546 753 luna
572 689 671 754 radiis
700 688 778 753 solis
802 709 934 753 accensa
957 687 1171 752 convertitur,

160 777 251 842 Infra
281 776 425 842 autem
416 799 482 841 11111
508 776 590 841 nihil
617 780 667 840 est
693 777 758 841 nisi
784 779 871 840 mort
857 777 923 839 tale
950 779 983 839 et
1011 775 1171 840 caducum

161 869 292 1017 praeter
319 865 444 928 animos
472 886 603 928 munere
630 865 763 929 deorum
787 863 955 928 hominum
979 863 1096 948 generi
1120 863 1172 926 da·

161 958 223 1037 tos,
247 975 345 1036 supra
367 953 479 1016 lunam
502 956 578 1016 sunt
596 957 729 1017 aeterna
749 951 866 1016 omnia
901 949 988 1015 Nam
1012 972 1061 1033 ea,
1087 971 1171 1034 quae

161 1045 212 1106 est
240 1040 345 1105 media
372 1044 405 1103 et
432 1060 531 1123 nona,
559 1039 671 1124 tellus,
698 1061 801 1140 neque
828 1042 976 1103 movetur
999 1042 1033 1102 et
1055 1038 1191 1159 infima}

203 1133 261 1211 est,
286 1128 351 1192 et
341 1148 470 1191 meam
492 1127 601 1191 ferunt
587 1131 641 1192 tur
663 1128 772 1192 omnia
792 1131 875 1191 nutu
853 1148 955 1191 usuo
977 1110 1191 1210 pondera.

111 1178 357 1324 18llouae
380 1236 452 1279 cum
470 1214 1038 1299 11111111111111111111,1111111111,
1062 1213 1171 1289 Quid?

120 1275 265 1387 18hic,
256 1325 401 1385 mquam,
429 1303 501 1385 quis
528 1307 591 1386 est,
619 1303 674 1386 qui
701 1302 831 1387 conplet
858 1323 952 1367 aures
980 1323 1072 1366 meas
1102 1305 1171 1366 tan·

162 1395 215 1455 tus
243 1395 276 1455 et
302 1395 371 1454 tam
398 1390 500 1455 dulcis
531 1392 650 1455 sonus?
689 1389 753 1456 Hic
776 1394 839 1473 est,
866 1390 985 1473 inquit,
1013 1389 1088 1473 ille,
1116 1389 1171 1473 qui

162 1479 211 1543 int
197 1478 345 1542 tervallis
375 1477 513 1543 disiunct
514 1500 552 1542 us
578 1479 761 1564 inparibus,
791 1440 846 1543 sed
872 1481 984 1541 tamen
1011 1498 1073 1561 pro
1098 1483 1172 1542 1111

162 1570 256 1650 parte
282 1565 409 1630 ratione
437 1566 597 1631 distinctis
624 1567 756 1650 inpulsu
779 1569 812 1630 et
833 1569 925 1630 motu
946 1564 1098 1649 ipsorum
1122 1587 1172 1630 or·

162 1654 252 1718 bium
280 1653 418 1718 efficitur
445 1658 478 1718 et
507 1660 602 1719 acuta
629 1676 701 1719 cum
728 1654 882 1738 gravibus
904 1656 1095 1736 temperans
1118 1675 1172 1718 va·

163 1742 229 1806 rios
257 1741 471 1824 aequabiliter
498 1745 670 1807 concentus
697 1741 811 1825 efficit3
837 1763 896 1806 uec
922 1741 1009 1805 1111111
1036 1741 1171 1805 silentio

163 1828 247 1893 tanti
266 1833 373 1893 motus
391 1829 521 1894 incitari
537 1833 683 1914 possunt,
702 1833 735 1894 et
749 1834 867 1894 natura
879 1829 953 1912 fert,
970 1833 1009 1893 ut
1023 1832 1172 1894 extrema

163 1938 202 1981 ex
220 1918 324 1982 altera
341 1921 434 2001 parte
453 1919 605 2002 graviter,
624 1939 663 1983 ex
681 1918 786 1982 altera
805 1921 913 1982 autem
932 1920 1025 1981 acute
1042 1920 1173 1981 sonent.

163 2002 267 2078 Quam
294 2005 337 2069 ob
364 2026 494 2069 causam
522 2027 665 2070 summus
695 2005 752 2070 ille
779 2005 861 2070 caeli
883 2003 1021 2070 stellifer
1044 2026 1172 2089 cursus,

163 2091 252 2156 cuius
276 2093 443 2156 conversio
467 2096 517 2156 est
539 2093 739 2176 concitatior,
763 2097 857 2158 acuto
880 2097 914 2157 et
936 2092 1078 2156 excitato
1103 2115 1174 2158 mo-

163 2183 256 2242 vetur
286 2200 378 2261 sono,
409 2180 602 2263 gravissimo
632 2184 741 2245 autem
768 2180 821 2245 hic
848 2179 970 2245 lunaris
997 2182 1098 2262 atque
1122 2181 1175 2243 in·

161 2266 271 2348 fimus3
302 2286 379 2328 nam
408 2270 498 2329 terra
528 2289 614 2331 nona
644 2268 811 2331 inmobilis
839 2287 969 2332 manens
995 2287 1061 2328 una
1090 2266 1171 2329 sede

163 2374 289 2437 semper
316 2352 429 2417 haeret
456 2355 623 2438 complexa
648 2354 789 2418 medium
816 2353 928 2419 mundi
948 2352 1066 2418 locum.
1111 2353 1174 2417 Illi

163 2445 271 2506 autem
295 2444 368 2505 octo
391 2462 516 2524 cursus,
543 2443 578 2506 in
601 2442 717 2527 quibus
742 2443 853 2508 eadem
875 2442 924 2508 vis
947 2446 998 2507 111
1021 2441 1172 2525 duorum,

163 2532 286 2612 septem
317 2528 461 2592 efficiunt
488 2529 658 2595 distinctos
684 2530 866 2595 intervallis
894 2551 1004 2613 sonos,
1033 2530 1091 2612 qui
1113 2551 1172 2593 nu·

163 2637 270 2680 merus
293 2637 401 2680 rerum
424 2617 569 2680 omnium
589 2617 657 2682 fere
679 2619 782 2682 nodus
806 2622 868 2701 111,
891 2616 978 2700 quod
1001 2617 1091 2681 docti
1114 2618 1171 2681 ho-

163 2704 265 2768 mines
296 2703 405 2767 nervis
432 2703 615 2769 imitatit
581 2709 677 2789 atque
705 2710 779 2771 eant
765 2706 852 2771 tibus
880 2709 1078 2790 aperuerunt
1106 2705 1172 2769 sibi

162 2791 246 2855 redit
232 2795 302 2855 tum
328 2791 363 2855 in
389 2791 474 2855 hunc
497 2792 617 2877 locum,
647 2794 730 2859 sicut
753 2794 823 2877 alii,
847 2794 902 2879 qui
924 2792 1170 2877 praestantibus

111 2894 143 2943 19
163 2879 300 2963 ingeniis
322 2878 358 2941 in
379 2878 448 2943 rita
470 2880 612 2946 humana
630 2881 739 2946 divina
757 2882 864 2947 studia
882 2882 1059 2947 coluerunt.
1097 2879 1172 2944 Hoc

163 2967 249 3031 sonit
250 2989 272 3030 u
295 2966 445 3050 oppletae
469 2989 562 3033 aures
581 2969 749 3034 hominum
767 2969 1016 3051 obsurduerunt3
1038 2990 1101 3033 nee
1120 2972 1171 3032 est

162 3054 248 3119 ullus
267 3054 415 3118 hebetior
433 3076 545 3120 sensus
564 3056 599 3122 in
615 3056 720 3141 vobis,
739 3057 831 3141 sicut,
850 3058 907 3122 ubi
924 3055 1020 3122 Nilus
1040 3056 1084 3120 ad
1102 3056 1172 3139 illa,

164 3164 245 3225 quac
269 3140 437 3226 Catadupa
463 3144 685 3228 nominantur,
714 3146 856 3229 praecipi
857 3149 907 3210 tat
934 3166 972 3209 ex
995 3143 1171 3209 altissimis

162 3251 240 3293 mon
240 3230 338 3312 tibus,
361 3251 399 3293 11
422 3251 528 3382 gens,
533 3253 615 3315 quae
637 3233 733 3297 illum
755 3233 861 3298 locum
880 3231 1010 3314 adcolit,
1033 3236 1171 3316 propter

163 3318 289 3401 magnit
275 3317 420 3382 tudinem
442 3319 567 3384 sonitus
591 3342 688 3385 sensu
710 3320 858 3386 audiendi
881 3322 976 3385 caret.
1008 3318 1074 3385 Hic
1092 3341 1171 3384 vero

85 3411 86 3416 ’
162 3407 274 3468 tantus
302 3409 353 3468 est
378 3405 480 3471 totius
503 3408 614 3473 mundi
635 3408 864 3474 incitatissima
885 3407 1099 3474 conversione
1122 3429 1172 3472 so·

160 3492 264 3576 nitus,
295 3497 333 3557 ut
365 3515 438 3559 eum
470 3517 562 3562 aures
594 3496 761 3562 hominum
793 3517 907 3581 capere
934 3517 1002 3560 non
1030 3496 1173 3581 possint,
