2446 3944
517 213 556 223 -
603 175 756 240 490-

137 345 229 406 nata
252 337 376 423 signis
399 341 515 421 atque
537 336 706 422 picturis
728 336 1005 419 instructaque
1028 336 1143 400 rebus

137 429 187 492 iis
224 426 411 510 omnibus,
449 425 586 508 quibus
624 424 820 488 abundant
855 423 897 506 ii,
935 423 1000 507 qui
1035 423 1144 487 beati

138 517 337 600 putantur,
366 535 434 578 nec
463 517 592 577 tamen
622 512 795 576 exissent
823 532 1002 594 umquam
1025 532 1144 595 supra

138 607 294 686 terram,
325 601 567 686 accepissent
593 603 720 664 autem
748 598 850 663 fama
876 602 914 662 et
943 599 1143 664 auditione

139 711 221 755 esse
253 688 440 773 quoddam
467 709 604 752 numen
635 686 781 752 etvim
807 686 974 769 deorum,
1008 687 1143 750 deinde

139 778 269 861 aliquo
297 780 468 862 tempore
495 774 708 860 patefactis
736 778 864 838 terrae
891 774 1074 838 faucibus
1104 796 1143 838 ex

138 865 222 930 illis
241 864 387 929 abditis
407 863 562 928 sedibus
581 862 740 928 evadere
758 861 798 926 in
814 862 907 926 hacc
925 863 1024 947 loca,
1050 883 1142 946 quae

137 974 206 1018 nos
228 952 447 1036 incolimus,
471 955 584 1034 atque
604 950 707 1014 exire
726 950 962 1034 potuissent:
987 972 1072 1014 cum
1090 971 1142 1013 rc·

74 1087 77 1095 -
138 1044 252 1126 pente
284 1044 427 1105 terram
459 1043 496 1103 et
527 1038 648 1103 maria
679 1038 902 1120 caelumque
934 1037 1141 1120 vidissent,

137 1128 295 1192 nubium
330 1126 634 1212 magnitudinem
665 1129 943 1208 ventorumque
974 1126 1054 1190 vim
1087 1147 1142 1190 co·

139 1216 367 1301 gnevissent
391 1214 712 1298 aspexissentque
736 1214 856 1278 solem
879 1212 1039 1296 eiusque
1063 1235 1141 1278 cum

138 1302 444 1388 magnitudinem
470 1301 894 1386 pulchritudinemque,
921 1304 1002 1364 tum
1025 1302 1141 1365 etiam

138 1390 397 1456 efficientiam
423 1390 714 1476 cognovissent,
747 1389 846 1472 quod
872 1389 904 1452 is
933 1389 1033 1452 diem
1058 1389 1141 1453 effi-

138 1482 243 1544 ceret
271 1480 354 1543 toto
382 1478 489 1542 caelo
520 1477 602 1542 luce
626 1476 785 1561 diffusa3
812 1499 893 1541 cum
916 1480 1046 1541 autem
1069 1480 1141 1542 ter·

138 1589 200 1631 ras
231 1588 304 1631 nox
334 1570 550 1650 opacasset,
582 1569 661 1630 tum
688 1565 835 1629 caelum
861 1568 987 1629 toturn
1015 1587 1141 1630 cerne·

137 1658 224 1719 rent
260 1654 379 1718 astris
416 1653 644 1717 distinctum
676 1656 713 1718 et
745 1656 920 1717 ornatum
952 1652 1141 1737 lunaeque

138 1742 324 1806 luminum
353 1741 587 1807 varietatem
616 1744 695 1805 tum
723 1740 947 1824 crescentis,
979 1743 1062 1805 turn
1090 1763 1141 1805 sc·

136 1830 334 1894 noscentis
362 1851 566 1912 eorumque
594 1829 760 1893 omnium
788 1831 895 1892 ortus
924 1832 960 1892 et
984 1849 1140 1894 occasus

138 1921 254 2000 atque
283 1916 322 1980 in
350 1917 452 1981 omni
481 1916 717 1982 aeternitate
743 1919 850 1980 ratos
873 1917 1141 1982 inmutabiles-

138 2025 207 2087 que
244 2025 392 2086 cursus3
428 2025 522 2087 quae
556 2011 638 2068 cu'm
669 2003 858 2089 viderent,
893 2005 1075 2088 profecto
1107 2007 1141 2068 et

138 2113 221 2156 esse
245 2091 333 2155 deos
357 2095 394 2155 et
416 2092 510 2156 haec
531 2094 643 2156 tanta
666 2112 781 2176 opera
804 2092 958 2157 deorum
982 2114 1069 2157 esse
1088 2115 1142 2157 ar·

85 2151 404 2244 38bitrarentur.'
450 2178 558 2261 Atque
581 2180 660 2244 haec
683 2179 812 2263 quidem
833 2180 898 2244 ille.
938 2178 1010 2245 Nos
1035 2185 1141 2245 autem

84 2229 118 2277 96
136 2266 287 2332 tenebras
307 2266 486 2352 cogitemus
504 2270 623 2350 tantas,
643 2271 782 2352 quantae
797 2266 959 2350 quondam
973 2270 1141 2353 eruptione

136 2355 355 2419 Aetnaeorum
390 2354 515 2438 ignium
548 2355 705 2419 finitimas
737 2355 885 2440 regiones
918 2356 1141 2422 obscuravisse

138 2443 298 2525 dicuntur,
324 2445 360 2505 ut
382 2464 441 2525 per
462 2442 595 2507 biduum
617 2465 712 2507 nemo
735 2443 899 2507 hominem
921 2443 1020 2508 homo
1046 2467 1141 2531 agno-

137 2534 252 2614 sceret,
282 2551 354 2595 cum
385 2533 493 2594 autem
520 2531 618 2595 tertio
647 2530 697 2595 die
725 2530 775 2595 sol
797 2531 981 2615 inluxisset,
1011 2536 1086 2597 tum
1107 2535 1141 2596 ut

136 2619 291 2684 revixisse
315 2617 378 2681 sibi
395 2617 588 2682 viderentur.
625 2617 747 2693 Quodsi
764 2618 826 2682 hoc
844 2619 929 2682 idem
948 2641 987 2683 ex
1002 2621 1141 2686 aeternis

136 2706 279 2771 tenebris
293 2705 505 2790 contingeret,
518 2710 555 2770 ut
570 2706 678 2770 subito
693 2707 797 2770 lucem
808 2707 1034 2791 aspiceremus,
1050 2731 1141 2792 quae·

136 2818 212 2860 nam
231 2794 351 2878 species
371 2794 452 2858 caeli
470 2793 654 2859 videretur?
686 2791 749 2858 Sed
767 2794 959 2859 adsiduitate
979 2797 1141 2862 cotidiana

137 2887 169 2947 et
192 2881 420 2947 consuetudine
444 2882 610 2946 oculorum
633 2881 826 2946 adsuescunt
849 2883 948 2947 animi
965 2905 1072 2967 neque
1092 2886 1141 2950 ad·

137 2970 296 3036 mirantur
317 2991 421 3052 neque
444 2970 612 3053 requirunt
630 2970 772 3035 rationes
792 2992 901 3034 earum
919 2993 1038 3057 rerum,
1063 2994 1141 3057 quas

137 3081 263 3143 semper
285 3057 404 3142 vident,
426 3057 560 3142 proinde
584 3057 677 3141 quasi
694 3058 822 3123 novitas
840 3080 900 3123 nos
919 3059 1025 3144 magis
1046 3083 1142 3145 quam

137 3146 326 3233 magnitudo
358 3168 465 3210 rerum
497 3147 613 3211 debeat
641 3146 682 3211 ad
709 3147 920 3229 exquirendas
948 3169 1064 3213 causas
1094 3171 1142 3214 ex·

84 3245 118 3294 97
138 3236 246 3300 citare.
291 3232 370 3308 Quis
402 3233 488 3296 enim
519 3233 604 3297 hunc
631 3234 795 3298 hominem
823 3235 952 3319 dixerit,
985 3237 1043 3319 qui
1071 3258 1142 3302 cum

137 3327 206 3387 tam
233 3324 338 3387 certos
366 3320 447 3385 caeli
474 3324 595 3404 motus,
622 3325 691 3385 tam
713 3325 803 3386 ratos
827 3327 989 3387 astrorum
1013 3325 1141 3389 ordines

138 3414 269 3493 tamque
292 3409 378 3473 inter
401 3430 435 3472 se
459 3409 568 3472 omnia
590 3430 709 3474 conexa
732 3412 765 3473 et
789 3414 867 3494 apta
889 3411 1019 3495 viderit,
1043 3416 1142 3498 neget

137 3497 172 3564 in
199 3498 250 3563 his
278 3497 380 3561 ullam
407 3496 512 3562 inesse
539 3496 698 3562 rationem
726 3519 826 3582 eaque
854 3520 932 3564 casu
952 3498 1024 3564 fieri
1048 3500 1144 3586 dieat,

113 3624 124 3715 i
