2446 3944
413 211 679 292 ,-4cr-

54 382 117 443 tus.
161 375 289 460 Loquor
311 374 403 439 'enirn
432 375 471 440 de
500 375 595 440 docto
621 375 752 439 homine
783 379 815 440 et
842 375 979 458 erudito,
1009 374 1060 440 cui

56 467 163 530 uivere
195 469 245 528 est
276 465 427 548 cogitare.
473 461 636 545 Sapientis
668 467 775 528 autem
807 464 963 547 cogitatio
994 484 1060 528 non

56 555 156 619 ferme
194 552 234 617 ad
269 550 528 636 investigandum
565 549 698 614 adhibet
734 551 842 616 oculos
879 551 1060 617 advocatos.

56 641 186 706 Etenim
215 640 243 704 si
269 661 335 705 nox
361 660 427 704 non
453 638 566 703 adimit
592 637 693 703 vitam
718 639 861 722 beatam,
888 661 944 705 cur
970 639 1038 703 dies
1064 650 1113 698 112

57 729 146 794 nocti
169 727 286 791 similis
309 726 452 791 adimat?
488 725 574 791 Nam
596 726 678 790 illud
700 725 867 809 Antipatri
892 724 1061 810 Cyrenaici

59 820 108 881 est
129 817 164 880 id
185 815 313 899 quidem
335 815 432 897 paulo
456 814 638 897 obscenius,
665 813 808 878 sednon
830 815 969 880 absurda
991 836 1060 879 sen·

57 905 161 968 tentia
189 907 250 988 est3
279 904 369 967 cuius
400 903 587 968 caecitatem
615 923 687 966 cum
710 902 916 967 mulierculae
942 903 1062 967 lamen·

57 995 216 1075 tarentur,
248 990 361 1067 ‘Quid
393 988 551 1075 agitis?'
581 989 699 1074 inquit,
726 988 789 1054 ‘an
816 989 926 1055 vobis
955 991 1063 1054 nulla

58 1080 212 1144 videtur
238 1080 420 1161 voluptas
449 1099 530 1143 esse
558 1077 785 1143 nocturnal'
830 1077 973 1161 Appium
996 1079 1063 1161 qui-

58 1168 131 1231 dem
153 1170 293 1231 veterem
316 1167 423 1249 illurn,
450 1165 504 1250 qui
528 1186 639 1230 caecus
662 1187 764 1231 annos
786 1167 905 1230 multos
927 1166 1004 1250 fuit,
1031 1169 1063 1230 et

58 1277 97 1319 ex
128 1255 373 1339 magistratibus
402 1257 434 1318 et
461 1275 499 1317 ex
526 1254 622 1317 rebus
650 1254 750 1337 gestis
780 1253 999 1338 intellegimus
1029 1254 1062 1318 in

57 1344 115 1407 illo
140 1365 198 1407 suo
221 1365 297 1408 casu
319 1363 379 1407 nec
396 1341 524 1425 privato
541 1362 601 1405 nec
623 1341 753 1424 publico
772 1342 897 1406 muneri
916 1342 1062 1406 defuisse.

59 1429 93 1494 C.
115 1430 214 1494 Drusi
236 1431 367 1494 domum
390 1429 545 1512 compleri
563 1450 582 1493 a
603 1429 840 1494 consultoribus
860 1430 989 1494 solitam
1013 1451 1063 1495 ac·

60 1518 216 1600 cepimue3
244 1539 330 1601 cum,
357 1539 492 1599 quorum
518 1538 569 1581 res
597 1520 695 1600 esset,
723 1538 781 1581 sua
804 1518 869 1600 ipsi
889 1539 956 1584 non
978 1517 1062 1582 vide·

58 1606 151 1687 bant,
184 1626 313 1669 caccum
345 1604 540 1669 adhibebant
570 1603 692 1669 ducem.
744 1605 857 1670 Pueris
885 1606 979 1671 nobis
1007 1603 1063 1670 On.

58 1693 206 1756 Aufidius
235 1692 416 1775 praetorius
445 1695 479 1756 et
507 1692 542 1757 in
571 1695 684 1757 senatu
714 1694 907 1757 sententiam
936 1693 1064 1758 dicebat

58 1802 117 1845 nec
139 1780 249 1844 amicis
272 1779 525 1845 deliberantibus
549 1780 659 1845 deerat
676 1783 710 1846 et
727 1779 883 1846 Graecam
902 1781 1064 1846 scribebat

58 1869 228 1933 historiam
252 1871 284 1932 et
305 1868 436 1932 videbat
457 1869 493 1932 in
514 1868 642 1932 litteris.

124 1954 283 2020 Diodotus
315 1953 442 2022 Stoicus
479 1977 591 2020 caecus
623 1956 743 2021 multos
776 1978 876 2022 annos
911 1960 1041 2021 nostrae
1065 1923 1115 2050 ,⁸⁹32

60 2044 147 2109 domi
176 2043 266 2109 vixit.
316 2042 350 2108 Is
377 2065 467 2128 vero,
495 2043 581 2128 quod
608 2044 758 2109 credibile
785 2045 838 2110 vix
867 2048 964 2128 esset,
990 2066 1063 2110 curn

59 2133 95 2198 in
112 2131 320 2215 philosophia
337 2132 440 2197 multo
460 2132 558 2196 etiam
576 2133 681 2216 magis
700 2132 831 2197 adsidue
849 2154 946 2217 quarn
969 2137 1064 2197 antea

59 2222 240 2284 versaretur
263 2222 295 2284 et
317 2241 390 2285 cum
412 2219 530 2285 fidibus
548 2218 825 2304 Pythagoreorum
847 2243 936 2286 more
959 2224 1064 2285 utere-

58 2310 125 2392 tur,
149 2329 283 2392 cumque
305 2308 335 2372 ci
356 2309 432 2372 libri
453 2311 563 2372 noctes
583 2311 615 2372 et
637 2307 705 2372 dies
727 2309 923 2392 legerentur,
947 2309 1063 2392 quibus

59 2396 95 2460 in
120 2395 234 2460 studiis
262 2396 363 2463 oculis
389 2417 456 2461 non
482 2395 611 2480 egebat,
637 2399 720 2478 tum,
752 2395 838 2479 quod
867 2397 936 2460 sine
963 2396 1063 2460 oculis

60 2483 130 2548 fieri
156 2504 253 2566 posse
281 2484 335 2547 vix
365 2483 505 2566 videtur,
536 2483 732 2566 geometriae
763 2505 880 2547 munus
911 2483 1064 2548 tuebatur

60 2571 166 2637 verbis
203 2571 401 2654 praecipiens
438 2570 648 2653 discentibus,
684 2569 767 2634 uude
803 2591 867 2653 quo
905 2592 1064 2653 quamque

60 2659 179 2724 lineam
198 2659 381 2723 scriberent.
417 2656 642 2740 Asclepiadem
659 2655 780 2741 ferunt,
802 2678 867 2721 non
888 2657 1064 2742 ignobilem

60 2746 242 2811 Eretricum
264 2745 509 2829 philosophum,
536 2766 608 2810 cum
631 2744 759 2829 quidam
782 2748 961 2828 quaereret,
988 2745 1065 2828 quid

61 2835 91 2898 ei
113 2834 252 2898 caecitas
276 2833 450 2910 attulisset,
471 2831 690 2916 respondisse,
713 2853 812 2915 puero
834 2834 872 2896 ut
892 2852 957 2916 uno
981 2836 1065 2896 esset

61 2921 253 2987 comitatior.
289 2919 336 2986 Ut
358 2921 444 2985 enim
466 2920 517 2986 vel
541 2942 665 2985 summa
686 2922 860 3003 paupertas
883 2919 1064 2986 tolerabilis

62 3009 118 3091 sit,
150 3009 178 3072 si
209 3008 316 3091 liceat,
355 3009 440 3092 quod
470 3007 660 3092 quibusdam
692 3006 824 3073 Graecis
856 3008 986 3093 cotidie,
1018 3008 1065 3073 sic

61 3095 198 3160 caecitas
221 3094 299 3160 ferri
317 3094 412 3160 facile
432 3097 549 3180 possit,
573 3096 684 3160 sinon
701 3094 806 3160 desint
823 3094 982 3163 subsidia.
1103 3166 1107 3171 ,

60 3183 216 3247 tudinum.
252 3183 456 3251 Democritus
478 3184 655 3249 luminibus
679 3183 805 3248 amissis
824 3183 899 3247 alba
920 3202 936 3249 a

62 3272 240 3336 discernere
268 3275 301 3336 et
328 3275 400 3336 atra
427 3293 494 3337 non
519 3275 661 3356 poterat,
689 3274 723 3336 at
750 3292 826 3336 vero
852 3271 941 3336 bona
957 3272 965 3333 '.'
1008 3304 1014 3328 ·

61 3381 163 3445 aequa
190 3360 312 3444 iniqua,
343 3359 482 3424 honesta
507 3360 628 3443 turpia,
654 3360 749 3424 utilia
776 3359 916 3444 inutilia,

60 3470 162 3531 parva
179 3451 320 3532 poterat,
343 3451 376 3512 et
394 3448 462 3513 sine
485 3448 641 3513 varietate
660 3448 802 3512 colorum
821 3447 947 3513 licebat

59 3535 167 3621 beate,
190 3536 257 3601 sine
280 3536 412 3602 notione
430 3556 538 3601 rerum
556 3556 624 3601 non
645 3534 774 3603 licebat.
796 3533 918 3621 ,Atque

688 3610 886 3716 n
908 3688 911 3693 .
