2446 3944
519 188 760 254 -190-

140 350 242 437 igitur
263 349 299 413 in
320 347 416 413 malis
438 347 500 413 hoc
522 351 633 412 tamen
654 346 732 411 boni
755 349 894 412 assecuti
921 348 1080 433 videmur,
1105 353 1143 413 ut

141 460 179 502 ea
209 436 327 502 litteris
359 435 597 518 mandaremus,
616 445 711 518 ‘quae
737 456 796 500 nec
828 439 921 500 erant
953 436 1033 500 satis
1064 441 1143 501 nota

69 601 72 606 ,
139 526 261 590 nostris
293 528 326 589 et
357 526 450 588 erant
480 523 666 608 cognitione
698 522 897 608 dignissima.
947 522 1030 598 Quid
1058 524 1143 588 enim

141 617 203 696 est,
225 634 284 697 per
307 611 397 696 deos,
419 611 596 696 optabilius
620 610 792 695 sapientia,
816 610 893 694 quid
913 612 1144 697 praestantius,

140 701 217 783 quid
247 699 372 765 homini
403 699 534 783 melius,
571 698 648 782 quid
682 698 813 763 homine
845 698 996 783 dignius?
1049 698 1143 766 Hanc

139 789 243 874 igitur
264 788 320 872 qui
342 789 505 872 expetunt,
527 786 716 872 philosophi
736 786 954 870 nominantur,
975 808 1035 852 nec
1058 787 1143 870 quic·

140 898 238 959 quam
256 876 343 940 aliud
363 879 413 940 est
428 874 645 959 philosophia,
669 873 697 938 si
714 873 924 959 interpretari
941 874 1031 959 velis,
1053 896 1143 960 prae-

139 967 190 1028 ter
217 963 360 1027 studium
387 962 572 1048 sapientiae.
622 959 788 1045 Sapientia
819 965 928 1026 autem
959 966 1023 1045 est,
1054 966 1091 1026 ut
1123 986 1143 1028 a

138 1051 301 1117 veteribus
323 1049 526 1135 philosophis
549 1049 716 1114 definitum
738 1052 801 1131 est,
830 1071 938 1114 rerum
961 1048 1142 1115 divinarum

139 1143 172 1204 et
203 1140 416 1204 humanarum
453 1159 698 1221 causarumque,
734 1137 850 1221 quibus
888 1159 943 1201 eae
980 1159 1031 1202 res
1068 1159 1141 1202 con·

137 1227 295 1310 tinentur,
322 1225 469 1309 scientia3
496 1224 585 1290 cuius
608 1225 750 1289 studium
774 1225 830 1308 qui
851 1224 1028 1309 vituperat,
1054 1224 1141 1291 haud

139 1336 217 1379 sane
243 1314 414 1400 intellego,
441 1312 595 1397 quidnam
622 1313 679 1396 sit,
709 1313 795 1396 quod
817 1312 1014 1377 laudandum
1040 1316 1142 1397 putet.

103 1401 224 1467 sNam
265 1400 333 1467 sive
378 1400 553 1466 oblectatio
599 1400 764 1484 quaeritur
809 1400 908 1465 animi
952 1401 1141 1483 requiesque

138 1512 300 1573 curarum,
337 1510 418 1574 quae
455 1488 594 1554 conferri
625 1511 698 1553 cum
730 1510 841 1553 eorum
873 1487 987 1552 studiis
1022 1490 1142 1573 potest,

138 1578 193 1661 qui
225 1599 352 1662 semper
383 1576 506 1660 aliquid
537 1576 724 1661 anquirunt,
756 1577 842 1660 quod
873 1579 997 1660 spectet
1027 1580 1061 1640 et
1087 1598 1141 1640 va-

137 1666 204 1730 leat
235 1665 277 1729 ad
308 1666 388 1729 bene
425 1665 583 1748 beateque
618 1663 812 1729 vivendum?
849 1664 917 1728 sive
951 1663 1036 1729 ratio
1068 1685 1142 1728 con·

138 1752 277 1816 stantiae
313 1751 507 1835 virtutisque
538 1751 680 1835 ducitur,
717 1754 774 1816 aut
804 1752 884 1816 haee
916 1772 969 1816 ars
1003 1755 1053 1816 est
1084 1755 1142 1816 aut

137 1840 229 1904 nulla
249 1838 389 1922 omnino,
411 1860 470 1922 per
492 1861 590 1921 quam
608 1860 662 1903 eas
686 1860 903 1922 assequamur.
939 1837 1075 1904 Nullam
1098 1839 1143 1903 di·

137 1947 208 1991 cere
231 1948 455 1990 maxumarum
477 1947 586 2004 rerum
608 1929 712 1990 artem
735 1947 814 2008 esse,
838 1947 911 1990 cum
934 1926 1142 1991 minimarum

137 2014 206 2078 sine
233 2015 303 2079 arte
329 2013 421 2078 nulla
447 2013 504 2095 sit,
530 2012 698 2076 hominum
726 2014 776 2076 est
802 2034 916 2096 parum
940 2013 1141 2078 considerate

137 2101 339 2184 loquentium
371 2103 468 2182 atque
498 2099 533 2162 in
562 2098 721 2163 maxumis
750 2099 846 2163 rebus
873 2099 1059 2163 errantium.
1105 2098 1141 2164 si

137 2192 246 2252 autem
269 2191 319 2251 est
341 2187 451 2269 aliqua
473 2186 645 2271 disciplina
663 2185 805 2269 virtutis,
827 2185 883 2250 ubi
902 2207 940 2250 ea
958 2190 1141 2272 quaeretur,

137 2297 209 2340 cum
237 2275 278 2339 ab
304 2274 367 2338 hoc
394 2273 536 2338 discendi
563 2295 679 2359 genere
706 2273 913 2339 discesseris?
959 2271 1022 2338 sed
1050 2274 1140 2360 haec,

136 2384 209 2427 cum
228 2363 268 2426 ad
285 2361 529 2446 philosophiam
546 2362 762 2445 cohortamur,
781 2361 961 2426 accuratius
979 2362 1140 2447 disputari

136 2450 256 2534 solent,
283 2449 369 2532 quod
395 2449 460 2513 alio
488 2449 627 2532 quodam
654 2449 739 2514 libro
766 2449 916 2532 fecimus3
945 2449 1007 2515 hoc
1030 2454 1140 2514 autem

135 2540 282 2622 tempore
308 2540 437 2602 tantum
463 2536 557 2601 nobis
587 2537 814 2602 declarandum
839 2537 916 2621 fuit,
949 2560 1006 2602 our
1033 2539 1141 2603 orbati

135 2625 183 2690 rei
200 2625 349 2709 publicae
366 2624 553 2689 muneribus
571 2625 612 2689 ad
627 2625 689 2690 hoc
701 2647 761 2690 nos
776 2625 919 2690 studium
932 2626 1141 2710 potissimum

102 2727 117 2777 7
136 2713 395 2778 contulissemus.
440 2711 627 2777 Occurritur
649 2716 757 2777 autem
779 2713 888 2797 nobis,
911 2716 945 2777 et
968 2713 1096 2796 quidem
1121 2736 1140 2779 a

136 2800 239 2866 doctis
263 2804 296 2865 et
318 2799 452 2865 eruditis
475 2800 718 2884 quaerentibus,
741 2801 863 2865 satisne
886 2804 1073 2866 constanter
1094 2801 1140 2866 fa·

136 2910 206 2954 cere
228 2889 408 2972 videamur,
431 2887 499 2971 qui,
524 2910 597 2953 cum
618 2888 742 2973 percipi
763 2888 846 2952 nihil
868 2910 964 2972 posse
987 2889 1140 2973 dicamus,

135 2980 246 3041 tamen
268 2979 301 3041 et
319 2975 391 3040 aliis
411 2975 563 3040 derebus
582 2975 738 3039 disserere
757 2977 918 3040 soleamus
938 2980 970 3040 et
988 2977 1050 3041 1100
1067 2977 1140 3061 ipso

135 3068 280 3148 tempore
302 3066 476 3148 praecepta
494 3061 593 3127 officii
609 3084 849 3147 persequamur.
881 3064 1003 3138 Quibus
1022 3065 1141 3130 vellem

136 3153 216 3216 satis
239 3151 369 3234 cognita
391 3153 477 3215 esset
493 3154 608 3215 nostra
626 3150 795 3215 sententia.
830 3150 907 3216 Non
925 3152 1011 3216 enim
1028 3174 1140 3217 sumus

135 3239 167 3321 ii,
186 3259 323 3320 quorum
335 3242 473 3324 vagetur
491 3237 617 3302 animus
636 3259 744 3303 errore
762 3260 821 3304 nec
839 3240 959 3304 habeat
977 3262 1141 3325 umquam,

136 3324 212 3408 quid
235 3328 396 3408 sequatur.
442 3323 530 3400 Quae
557 3325 644 3389 enim
671 3328 757 3390 esset
778 3327 845 3392 ista
866 3349 958 3392 mens
980 3328 1033 3392 vel
1057 3349 1141 3411 quae

134 3412 203 3476 vita
228 3412 338 3495 potius
365 3434 431 3477 non
456 3412 551 3477 modo
575 3412 773 3497 disputandi,
801 3414 857 3479 sed
886 3415 984 3480 etiam
1010 3415 1141 3480 vivendi

134 3499 259 3564 ratione
279 3499 430 3564 sublata?
463 3498 533 3565 Nos
552 3504 670 3586 autem,
692 3505 729 3566 ut
748 3503 847 3567 ceteri
865 3503 931 3568 alia
953 3506 1051 3588 certa,
1074 3503 1141 3568 alia
