2446 3944
531 194 771 259 -2421-

146 357 285 444 Diogeni
308 357 522 441 venditorem,
550 361 709 440 quatenus
735 356 805 421 iure
828 356 916 422 civili
939 357 1156 424 constitutum

147 447 199 528 sit,
223 446 325 510 dicere
348 446 428 510 vitia
452 448 610 530 oportere,
634 447 740 510 cetera
763 445 832 510 sine
855 445 981 509 insidiis
1001 466 1097 530 agere
1112 451 1156 531 et,

147 535 300 619 quoniam
322 534 454 616 vendat,
482 533 565 598 velle
594 554 691 616 quam
719 536 852 616 optume
874 533 1020 597 vendere.
1066 532 1157 599 ‘Ad-

147 622 244 704 vexi,
276 621 459 716 exposui,
480 620 601 685 vendo
635 642 755 684 meum
786 642 862 685 non
888 621 1013 704 pluris
1043 643 1156 705 quam

147 709 281 792 ceteri,
307 707 477 773 fortasse
505 710 620 772 etiam
644 707 818 785 minoris,
846 730 927 773 curn
951 709 1072 773 maior
1095 714 1156 774 est

93 813 128 863 52
147 796 266 881 copia.
312 794 379 860 Cui
401 795 451 859 fit
473 795 655 861 iniuria‘?’
699 795 855 860 Exoritur
878 794 1046 880 Antipatri
1068 798 1155 862 ratio

148 907 186 950 ex
218 885 323 948 altera
354 887 460 968 parte:
493 881 606 958 ‘Quid
637 883 715 948 ais?
748 889 789 947 tu
821 906 902 948 cum
931 883 1155 950 hominibus

147 972 349 1038 consulere
373 972 512 1036 debeas
536 975 573 1035 et
595 972 742 1036 servire
761 971 947 1036 humanae
969 973 1093 1037 societ
1124 973 1156 1037 ti

148 1082 264 1144 eaque
297 1060 381 1145 lege
412 1062 526 1123 natus
559 1058 613 1123 sis
645 1062 682 1123 et
711 1080 753 1124 ea
785 1059 928 1123 habeas
960 1060 1156 1145 principia

146 1152 321 1230 naturae,
349 1148 486 1231 quibus
513 1168 649 1230 parere
677 1150 714 1210 et
741 1169 836 1230 quae
864 1148 972 1231 sequi
1001 1148 1155 1232 debeaS,

148 1239 188 1300 ut
211 1236 368 1300 utilitas
391 1240 456 1300 tua
479 1234 689 1298 communis
713 1234 765 1298 sit
788 1235 944 1300 utilitas
963 1236 1155 1300 vicissim·

148 1345 218 1407 que
245 1322 452 1388 communis
480 1323 638 1387 utilitas
666 1326 732 1386 tua
761 1323 826 1405 sit,
858 1324 1004 1388 celabis
1032 1325 1153 1389 homi-

146 1433 225 1494 nes,
258 1411 347 1494 quid
379 1411 428 1474 iis
461 1410 565 1474 adsit
597 1408 884 1475 commoditatis
916 1416 953 1475 et
981 1412 1153 1496 copiae‘?'

147 1498 366 1583 Respondebit
380 1498 543 1584 Diogenes
556 1498 696 1563 fortasse
711 1499 769 1563 sic:
789 1497 923 1562 ‘Aliud
941 1503 999 1563 est
1014 1501 1154 1583 celare,

148 1587 253 1651 aliud
280 1590 421 1669 tacere,
453 1608 573 1669 neque
602 1608 671 1672 ego
698 1609 795 1652 nunc
823 1592 860 1651 te
888 1587 982 1670 celo,
1015 1588 1046 1651 si
1079 1589 1154 1652 tibi

146 1697 222 1739 non
245 1675 340 1757 dico,
364 1695 458 1759 quae
480 1678 622 1739 natura
640 1675 794 1739 deorum
813 1676 881 1757 sit,
905 1675 969 1758 qui
988 1676 1040 1738 sit
1057 1675 1153 1740 finis

146 1762 346 1842 bonorum,
379 1783 473 1844 quae
505 1762 579 1826 tibi
610 1762 696 1846 plus
733 1763 963 1846 prodessent
996 1765 1154 1848 cognita

147 1871 257 1932 quam
291 1849 417 1913 tritici
452 1849 603 1932 vilitas,
640 1848 705 1912 sed
740 1871 829 1933 non,
867 1851 1046 1933 quicquid
1078 1852 1155 1915 tibi

148 1936 280 2000 audire
303 1936 400 1999 utile
424 1939 495 2018 est,
518 1936 615 2000 idern
639 1935 732 2000 mihi
756 1936 880 2001 dicere
904 1959 1053 2001 necesse
1075 1939 1154 2004 est?

93 2041 127 2091 53
147 2022 280 2088 ‘Immo
303 2022 418 2105 vero’,
441 2022 565 2106 inquiet
583 2023 648 2104 ille,
672 2021 844 2087 ‘necesse
867 2027 938 2104 est,
962 2023 1154 2106 siquidem

148 2110 357 2174 meministi
386 2131 469 2174 esse
491 2113 595 2173 inter
617 2109 790 2173 homines
813 2113 952 2173 natura
974 2111 1154 2177 coniunc-

146 2204 222 2262 tam
243 2195 490 2261 societatem?
523 2195 718 2279 ‘Memini’,
737 2197 861 2279 inquiet
875 2197 945 2280 1111;
964 2196 1046 2261 ‘sed
1064 2221 1154 2264 num

147 2287 224 2350 ista
247 2286 414 2349 societas
437 2284 531 2349 talis
555 2286 626 2366 est,
649 2287 690 2348 ut
711 2283 810 2347 nihil
835 2306 943 2349 suum
967 2285 1155 2370 cuiusque

147 2374 220 2438 sit?
266 2370 369 2447 Quod
398 2372 429 2437 si
463 2373 519 2436 ita
551 2375 624 2455 est,
653 2393 698 2436 ne
731 2372 968 2437 vendundum
1002 2375 1154 2457 quidem

147 2462 349 2545 quicquam
373 2465 444 2543 est,
468 2460 532 2525 sed
556 2459 790 2525 donandum?
1206 2536 1208 2540 Α

96 2550 137 2614 13
213 2547 311 2613 Vides
344 2549 378 2613 in
409 2548 469 2614 hac
501 2552 573 2613 tota
605 2548 837 2632 disceptatione
868 2570 934 2612 non
965 2549 1047 2613 illud
1077 2551 1154 2615 dici:

147 2636 313 2713 ‘Quamvis
335 2637 397 2701 hoc
419 2641 513 2721 turpe
537 2636 593 2720 sit,
616 2639 739 2720 tamen,
763 2636 914 2721 quoniam
939 2638 1080 2722 expedit,
1107 2638 1154 2703 fa-

148 2724 252 2808 ciam',
280 2723 336 2789 sed
361 2725 410 2789 ita
437 2724 598 2809 expedire,
625 2727 662 2788 ut
688 2727 782 2808 turpe
810 2746 875 2789 non
904 2725 959 2808 sit,
988 2748 1026 2789 ex
1049 2727 1154 2792 altera

149 2818 258 2879 autem
280 2816 387 2897 parte,
415 2834 452 2876 ea
475 2834 522 2896 re,
551 2812 626 2896 quia
648 2816 743 2896 turpe
767 2813 824 2894 sit,
850 2834 916 2878 non
940 2835 1009 2877 esse
1036 2813 1154 2878 facien-

93 2916 129 2965 or
149 2903 233 2967 dum.
279 2899 407 2965 Vendat
435 2900 528 2964 aedes
556 2899 607 2963 vir
633 2900 736 2964 bonus
764 2904 898 2984 propter
925 2901 1035 2983 aliqua
1064 2901 1154 2985 vitia,

61 2934 80 3153 ι
149 3011 230 3074 quae
243 2989 313 3073 ipse
326 2989 423 3070 norit,
442 2986 540 3052 ceteri
553 2987 713 3072 ignorent,
727 2988 916 3072 pestilentes
931 2987 997 3051 sint
1011 2991 1044 3052 et
1058 2988 1154 3054 habe-

149 3082 244 3142 antur
268 3077 427 3158 salubres,
456 3075 624 3161 ignoretur
647 3076 681 3138 in
704 3075 853 3140 omnibus
878 3075 1032 3140 cubiculis
1057 3098 1154 3161 appa·

147 3186 218 3228 rere
237 3167 411 3248 serpentes,
430 3164 514 3227 male
532 3162 722 3227 materiatae
741 3165 812 3246 sint,
834 3164 993 3245 ruinosae,
1018 3164 1073 3227 sed
1091 3165 1154 3229 hoc

147 3254 276 3335 praeter
299 3252 463 3316 dominum
486 3272 580 3315 nemo
603 3251 698 3333 sciat3
721 3272 854 3335 quaero,
878 3252 905 3315 si
928 3253 1007 3316 haec
1030 3256 1154 3336 empto·

148 3338 237 3401 ribus
261 3339 409 3403 venditor
434 3360 499 3403 non
528 3338 643 3403 dixerit
666 3338 823 3423 aedesque
846 3339 1025 3404 vendiderit
1047 3340 1154 3423 pluris

148 3427 262 3507 multo,
281 3447 377 3508 quam
392 3448 426 3491 se
440 3426 644 3492 venditurum
658 3426 791 3510 putarit,
809 3449 887 3490 num
905 3427 938 3490 id
956 3427 1075 3491 iniuste
1096 3431 1154 3492 aut

61 3452 284 3715 'inprobe
306 3512 428 3578 fecerit.
465 3512 554 3579 ‘Ille
572 3513 686 3599 vero',
709 3514 815 3597 inquit
833 3515 1020 3599 Antipater,
1045 3514 1154 3599 ‘quid
