2446 3944
551 234 593 243 -
638 197 792 260 276-

133 342 154 406 3
234 360 322 426 Orno.
357 357 498 441 Faciam,
519 362 558 423 ut
575 381 618 443 po
620 362 699 442 tero,
717 357 817 424 Laeli.
849 355 953 444 Saepe
971 358 1056 422 enim
1074 358 1176 424 inter-

133 420 216 513 'fui
238 446 377 531 querelis
405 446 589 530 aequalium
615 468 760 510 meorum
787 445 896 531 (pares
924 449 1033 510 autem
1063 451 1175 512 vetere

167 535 339 622 proverbio
363 557 436 600 cum
462 535 594 619 paribus
620 534 775 599 facillime
798 555 984 620 congregan
984 531 1066 619 tur),
1091 557 1176 618 quae

169 623 203 689 (ι.
226 622 352 688 Salinat
338 627 403 706 tor,
435 644 517 706 quae
541 619 593 707 Sp.
617 621 770 706 Albinus,
799 621 947 686 homines
975 622 1175 707 consulares,

167 715 242 777 nost
243 711 273 774 ri
228 711 361 775 tfere
380 710 540 794 aequales,
559 710 726 793 deplorare
744 709 938 793 solebant,t
923 713 995 774 tum
1013 710 1100 793 quod
1118 733 1175 776 vo·

2 838 112 888 „s
168 801 276 884 luptat
262 799 349 863 tibus
378 801 537 881 carerent,
566 797 634 862 sine
662 797 779 880 quibus
805 798 909 862 vitam
930 798 1056 861 nullam
1079 801 1175 881 puta·

168 891 254 970 rent,
281 890 352 1037 tum
376 886 462 969 quod
484 888 712 969 spernerentur
734 885 819 949 ab
798 906 853 968 us,
881 907 900 949 a
923 885 1041 969 quibus
1064 890 1175 950 essent

170 974 233 1040 coli
254 973 331 1038 solit
332 972 447 1048 iQui
464 972 545 1037 mihi
563 994 629 1037 non
645 972 680 1035 id
697 972 890 1036 videbantur
908 995 1068 1056 accusare,
1087 974 1175 1057 quod

119 1063 121 1066 ’
169 1066 255 1126 esset
278 997 500 1126 acciisandum
544 1059 680 1124 Nam'
654 1082 683 1124 ιι
704 1059 738 1123 id
765 1061 860 1145 culpa
888 1061 1062 1125 senectutis
1092 1061 1175 1126 acci-

170 1150 274 1232 deret,
302 1149 414 1213 eadem
437 1148 518 1212 mihi
544 1170 606 1212 usu
628 1147 775 1212 venirent
797 1147 994 1232 reliquisque
1020 1148 1174 1213 omnibus

169 1237 346 1302 maioribus
368 1240 457 1319 natu,
480 1257 617 1319 quorum
635 1257 695 1321 ego
715 1234 892 1300 multorum
910 1236 1049 1321 cognovi
1067 1258 1177 1302 senec·

169 1330 273 1390 tutem
288 1325 355 1389 sine
370 1324 509 1408 querela,
533 1323 635 1407 quise
651 1327 684 1387 ιι
701 1323 873 1387 libidinum
890 1323 1031 1390 vinculis.
1044 1324 1176 1388 laxatos

170 1435 239 1478 esse
270 1435 337 1476 non
368 1413 503 1476 moleste
534 1411 657 1475 ferrent
688 1433 747 1476 nec
779 1434 798 1475 a
825 1411 892 1475 suis
925 1411 1176 1495 despicerentur.

169 1500 232 1566 Sed
255 1500 399 1600 omnium
421 1499 517 1563 istius
540 1498 628 1563 modi
655 1498 895 1582 querelarum
885 1521 921 1563 ιιι
949 1499 1095 1563 moribus
1124 1504 1177 1565 est

169 1591 273 1675 culpa,
295 1610 361 1652 non
384 1587 418 1651 in
441 1591 556 1652 aetate.
600 1586 760 1651 Moderati
733 1586 869 1650 tenim
892 1590 925 1650 et
947 1608 1006 1650 nec
1024 1587 1176 1653 difficiles

168 1699 228 1744 nec
257 1675 425 1740 inhumani
463 1697 553 1739 senes
585 1674 790 1739 tolerabilem
828 1677 1025 1738 senectutem
1062 1680 1178 1761 agunt,

169 1765 387 1847 inportunitas
415 1767 471 1826 aut
473 1784 567 1827 eme
550 1758 793 1826 etinhumanit
779 1765 830 1826 tas
859 1763 947 1826 omni
974 1762 1076 1826 aetati
1109 1786 1178 1828 mo-

169 1852 254 1916 lesta
275 1853 333 1914 est.

134 1955 151 2004 8
235 1938 379 2038 Lrnrrus.
414 1936 489 2019 Est,
512 1940 548 2001 ut
534 1937 663 2021 tdioiS,
691 1935 753 2002 Cat
738 1940 787 2020 to3
811 1937 867 2001 sed
888 1937 1028 2002 fortasse
1057 1937 1177 2003 dixerit

160 2025 331 2110 quispiam
362 2024 425 2088 tibi
454 2028 552 2108 propt
555 2046 588 2088 er
620 2046 698 2108 opes
726 2029 758 2089 et
786 2025 896 2110 copias
919 2029 952 2090 ιι
979 2024 1085 2110 dignit
1087 2029 1176 2090 atem

169 2119 260 2178 tuam
283 2111 538 2177 tolerabiliorem
561 2115 759 2176 senectutem
781 2113 897 2196 videri,
920 2113 953 2176 id
976 2117 1032 2177 aut
1034 2135 1085 2178 em
1107 2136 1177 2178 non

170 2222 265 2286 posse
289 2200 382 2264 mult
373 2221 401 2263 ιι
425 2201 620 2299 contingere.

164 2349 168 2356 ,
236 2287 323 2354 Uaro.
359 2286 452 2350 Est
407 2290 487 2350 tt1s
473 2287 531 2350 tud
550 2286 687 2369 quidem,
705 2287 805 2369 Laeli,
828 2288 959 2371 aliquid,
979 2289 1034 2352 sed
1053 2310 1177 2373 nequa·

171 2398 268 2460 quam
290 2376 325 2440 in
343 2375 406 2439 isto
422 2378 497 2438 sunt
511 2374 628 2438 omnia.
655 2372 701 2439 Ut
711 2374 944 2440 Themistocles
966 2375 1031 2439 fert
1017 2380 1072 2439 tur
1091 2374 1178 2441 Seri-

169 2464 247 2547 phio
271 2462 455 2528 cuidam1n
481 2461 587 2546 iurgio
615 2462 831 2547 respondisse,
863 2485 935 2527 cum
959 2463 1014 2526 ille
1041 2463 1178 2528 dixisset

170 2574 236 2616 non
250 2574 323 2616 eum
337 2573 404 2633 sua,
428 2550 483 2614 sed
496 2550 623 2633 patriae
637 2550 744 2634 gloria
759 2551 962 2635 splendorem
975 2551 1177 2616 adsecutum:

171 2638 259 2704 ‘Nec
285 2636 469 2719 hercule',
496 2637 615 2721 inquit,
648 2637 691 2701 ‘si
714 2659 785 2722 ego
813 2637 1015 2722 Seriphius
1046 2660 1179 2722 essem,

170 2750 240 2792 nec
276 2731 318 2790 tu
354 2726 387 2791 si
419 2724 690 2808 Atheniensis,
722 2726 850 2789 clarus
878 2747 1054 2809 umquam
1082 2726 1178 2791 fuis-

172 2815 252 2880 ses?
302 2814 394 2889 Quod
427 2813 538 2877 eodem
570 2813 666 2877 modo
703 2813 741 2876 de
770 2815 934 2877 senectute
962 2812 1026 2877 dici
1059 2818 1178 2897 potest

170 2902 240 2968 Nec
263 2901 407 2967 enimin
430 2922 557 2964 summa
574 2899 684 2983 inopia
701 2899 782 2964 levis
802 2922 871 2965 esse
895 2904 1043 2965 senectus
1068 2906 1178 2985 potest

146 3013 212 3055 -ιιι
240 2989 379 3075 sapienti
406 2987 535 3071 quidem
570 3008 629 3051 nec
661 2986 827 3071 insipienti
859 2988 997 3052 etiam
988 3011 1023 3052 ιιι
1051 3010 1179 3054 summa

137 3079 266 3162 ooopia
287 3099 353 3141 non
376 3075 495 3161 gravis.
540 3074 722 3175 Aptissima
745 3075 875 3139 omnino
895 3079 985 3160 sunt,
1014 3075 1180 3179 Scipipet

171 3165 276 3247 Laeli,
305 3186 395 3228 arma
423 3163 596 3228 senectutis
625 3166 711 3225 artes
740 3164 881 3226 exercita
861 3164 1051 3247 ationesque
1079 3165 1180 3229 virtu-

172 3255 251 3334 tum,
275 3274 356 3335 quae
379 3251 413 3314 in
436 3250 524 3315 omni
547 3252 654 3314 aetate
672 3250 787 3334 cultae,
810 3272 884 3315 cum
902 3252 966 3319 diu
975 3253 1059 3316 mult
1044 3275 1179 3352 umque

172 3339 299 3422 vixeris,
319 3338 471 3403 mirificos
487 3338 631 3403 ecferunt
644 3337 778 3422 fructus,
796 3360 862 3403 non
876 3340 983 3404 solum
997 3339 1076 3424 quia
1089 3363 1180 3406 num·

173 3446 270 3508 quam
294 3426 444 3490 deserunt
479 3448 520 3491 ne
548 3429 601 3490 ext
603 3448 691 3490 remo
725 3426 852 3509 quidem
884 3431 1031 3512 tempore
1061 3429 1180 3494 aetatis

24 3490 27 3495 .
55 3536 149 3715 Ἴ
173 3510 384 3597 (quamquam
411 3513 444 3578 id
471 3514 598 3598 quidem
626 3513 803 3578 maximum
826 3512 906 3602 est),
938 3537 1050 3580 verum
1079 3517 1181 3583 etiam
