2446 3944
469 206 709 272 ..443-

82 369 180 434 morti
202 368 269 432 iam
291 366 355 451 ipsi
378 367 565 433 adventanti
587 368 720 451 paulum
737 370 910 452 procedere
928 370 970 435 ob
993 370 1088 453 ιιιιιι,

82 456 167 540 quod
189 455 267 520 fecit
289 454 437 540 Catulus,
465 477 563 539 quam
585 456 671 540 quod
692 456 829 542 Marius,
855 457 933 523 talis
955 459 1018 522 viri
1039 458 1088 523 ιιι-

81 545 181 608 teritu
205 565 271 608 sex
284 565 360 608 suos
383 543 519 608 obruere
542 545 726 608 consulatus
745 547 778 608 et
796 546 1015 611 contaminare
1035 564 1087 610 ex·

82 634 221 695 tremum
243 629 468 714 tempusa
395 634 447 695 aet
449 629 521 696 atis
1097 681 1141 746 20
1215 635 1217 640 ’

149 704 476 802 Duodequadraginta
502 739 603 784 annos
630 721 789 803 tyrannus
813 717 1087 803 Syracusanorum
1106 759 1139 808 57

42 885 45 889 ,
82 806 145 870 fuit
131 807 362 892 tDionysius,
390 827 462 870 cum
490 807 630 891 quinque
658 811 691 870 et
717 807 834 892 viginti
859 811 955 873 natus
986 830 1087 874 annos

83 893 302 959 dominatum
312 893 540 977 occupavisset
594 893 666 970 Qua
696 893 935 979 pulchritudine
965 897 1088 981 urbem,

82 982 198 1066 quibus
230 985 338 1046 autem
368 982 482 1064 opibus
509 980 636 1065 praedit
637 1004 689 1047 am
717 982 871 1047 servitute
900 1004 1088 1070 oppressam

82 1070 187 1134 tenuit
222 1069 400 1134 civitatem!
459 1068 561 1153 Atqui
601 1069 640 1133 de
676 1069 738 1135 hoc
772 1069 902 1135 bomine
939 1093 958 1135 a
993 1072 1087 1137 bonis

62 1238 68 1243 ‚.
82 1157 268 1248 auctoribus
300 1156 365 1221 sic
378 1157 533 1240 scriptum
565 1157 759 1257 accepimus,
795 1179 956 1224 summam
988 1157 1088 1224 fuisse

83 1245 151 1309 eius
188 1241 224 1309 ιιι
258 1245 347 1310 victu
382 1244 674 1332 temperantiam
665 1267 701 1309 ιιι
741 1245 900 1329 rebusque
936 1247 1088 1330 gerundis

82 1333 187 1397 virum
211 1335 374 1398 acremet
360 1332 533 1397 tindust'
506 1354 603 1417 rrum,
627 1333 762 1397 eundem
779 1336 891 1398 tamen
909 1334 1088 1399 maleficum

82 1424 199 1484 natura
222 1424 256 1484 et
277 1420 440 1484 iniustum.
482 1419 532 1484 Ex
555 1382 619 1505 qub
642 1420 791 1485 omnibus
814 1421 897 1486 bene
918 1422 1001 1486 verit
1003 1425 1089 1487 atem

82 1507 282 1572 intuentibus
305 1508 407 1572 videri
433 1527 562 1572 necesse
591 1510 642 1572 est
663 1509 888 1573 miserrimum.
931 1508 981 1573 Ea
1003 1510 1089 1574 enim

82 1595 167 1677 ipsa,
195 1616 275 1677 quac
303 1595 521 1679 concupierat,
547 1617 587 1660 ne
614 1599 685 1659 tum
712 1596 853 1679 quidem,
881 1618 954 1661 cum
980 1597 1089 1662 omnia

83 1704 117 1746 se
148 1703 243 1766 posse
275 1683 437 1765 censebat,
476 1684 738 1767 consequebatur.
797 1683 858 1760 Qui
894 1705 966 1748 cum
1002 1689 1139 1749 assetus

82 1770 177 1834 bonis
195 1770 382 1852 parentibus
402 1774 498 1854 atquc
515 1769 652 1836 honesto
671 1771 743 1836 loco
758 1774 854 1836 natus
876 1768 951 1856 (etsi
970 1771 1004 1836 id
1019 1773 1088 1856 qui·

83 1858 156 1920 dem
174 1857 256 1921 alius
277 1857 342 1922 alio
365 1859 459 1923 modo
481 1857 631 1945 tradidit)
655 1856 894 1943 abundaretque
917 1862 950 1923 et
973 1881 1087 1944 aequa·

81 1945 162 2008 lium
192 1944 469 2010 familiaritatrbus
502 1949 535 2010 et
565 1947 796 2011 consuetudine
826 1947 1099 2031 propinquorum,

83 2031 218 2097 baberet
249 2033 347 2097 etiam
378 2054 467 2097 more
499 2033 651 2098 Graeciae
689 2034 844 2118 quosdam
876 2035 1088 2100 adulescentis

84 2141 192 2185 amore
225 2120 425 2204 coniunctos,
462 2121 613 2185 credebat
643 2143 754 2186 eorum
786 2123 920 2201 nemini,
953 2123 1009 2187 sed
1039 2123 1089 2207 iis,

83 2229 163 2291 quos
188 2229 226 2272 ex
248 2207 381 2272 familiis
403 2208 614 2292 locupletium
637 2231 746 2274 servos
769 2210 946 2299 delegerat,
971 2211 1088 2294 quibus

83 2317 201 2361 nomen
228 2294 429 2361 servitutis
419 2317 489 2379 ipse
516 2295 710 2382 detraxerat,
737 2300 770 2362 et
800 2298 993 2380 quibusdam
1015 2320 1089 2364 con·

84 2383 172 2448 venia
201 2387 233 2447 et
259 2383 338 2447 feris
365 2384 512 2448 barbaris
539 2385 682 2468 corporis
710 2384 887 2449 custodiam
910 2386 1026 2449 commi
1027 2388 1088 2451 tte·

84 2471 151 2534 bat.
194 2467 247 2534 Ita
212 2473 406 2554 tpropter
432 2471 588 2535 iniustam
616 2472 799 2537 dominatus
821 2472 1064 2555 cupiditatem
1053 2495 1089 2537 111

84 2579 244 2623 carcerem
263 2559 402 2642 quodam
420 2560 544 2624 modo
535 2581 604 2642 1pse
623 2580 656 2623 se
669 2559 851 2624 incluserat.
884 2559 968 2636 Quin
982 2561 1089 2645 etiam,

84 2667 124 2710 ne
154 2647 279 2711 tonsori
310 2647 428 2710 collum
460 2646 577 2711 commi
578 2649 689 2730 tttere,
661 2647 858 2711 ttonderc
897 2646 981 2710 filias
1014 2668 1088 2712 suas

84 2733 200 2798 docuit.
253 2733 305 2798 Ita
336 2734 463 2799 sordido
493 2734 699 2817 ancillarique
727 2733 862 2798 artificio
889 2734 998 2816 regiae
1027 2735 1088 2798 vir-

84 2822 175 2906 gines
203 2824 240 2886 ut
269 2822 480 2886 tonstriculae
506 2821 684 2887 tondebant
710 2821 845 2886 barbam
873 2823 906 2886 et
937 2822 1089 2904 capillum

83 2910 195 2992 patris.
226 2908 272 2972 Et
289 2913 398 2973 tamen
415 2910 456 2974 ab
475 2909 526 2973 his
545 2909 634 2994 ipsis,
653 2931 725 2974 cum
744 2909 808 2972 iam
826 2911 935 2973 essent
952 2909 1089 2992 adultae,

82 2997 204 3061 ferrum
222 2997 360 3061 removit
377 2997 589 3081 instituitque,
607 3000 644 3061 ut
658 2996 868 3061 candentibus
886 2996 1089 3079 iuglandium

82 3085 304 3169 putaminibus
324 3085 459 3149 barbam
478 3085 540 3148 sibi
559 3088 592 3148 et
610 3084 761 3167 capillum
780 3084 957 3148 adurerent.
994 3082 1088 3149 Oum-
1108 3104 1141 3153 59

83 3194 144 3255 que
167 3172 245 3237 duas
268 3194 383 3236 uxores
406 3172 553 3256 haberet,
575 3170 837 3254 Aristomachen,
864 3171 967 3236 civem
990 3192 1090 3256 suam,

83 3258 237 3324 Doridem
266 3262 373 3324 autem
400 3259 605 3344 Locrensem,
639 3261 684 3324 sic
710 3262 811 3324 noctu
838 3259 879 3323 cd
906 3280 959 3323 eas
989 3259 1091 3325 venti·

82 3347 191 3430 tabat,
217 3350 254 3412 ut
281 3347 390 3410 omnia
417 3347 638 3430 specularetur
665 3349 697 3410 et
722 3349 979 3429 perscrutaretur

82 3435 128 3500 Et
150 3457 222 3500 cum
244 3434 367 3499 fossam
393 3434 492 3498 latam
516 3433 693 3499 cubiculari
719 3434 805 3500 lecto
829 3434 971 3500 circumd
1013 3435 1021 3451 '

83 3524 212 3607 eiusque
230 3522 338 3586 fossae
354 3522 527 3587 transitum
545 3521 711 3606 ponticulo
735 3521 844 3608 ligneo
862 3350 1167 3719 sonim?
