<?xml version="1.0" encoding="UTF-8"?>
<!DOCTYPE html PUBLIC "-//W3C//DTD XHTML 1.0 Transitional//EN"
    "http://www.w3.org/TR/xhtml1/DTD/xhtml1-transitional.dtd">
<html xmlns="http://www.w3.org/1999/xhtml" xml:lang="en" lang="en">
 <head>
  <title>
</title>
<meta http-equiv="Content-Type" content="text/html;charset=utf-8" />
  <meta name='ocr-system' content='tesseract 3.04.00' />
  <meta name='ocr-capabilities' content='ocr_page ocr_carea ocr_par ocr_line ocrx_word'/>
</head>
<body>
  <div class='ocr_page' id='page_1' title='image "./cicerosphilosop00cicegoog_0397.png"; bbox 0 0 2446 3944; ppageno 0'>
   <div class='ocr_carea' id='block_1_1' title="bbox 432 195 669 261">
    <p class='ocr_par' dir='ltr' id='par_1_1' title="bbox 432 195 669 261">
     <span class='ocr_line' id='line_1_1' title="bbox 432 195 669 261; baseline 0 -1"><span class='ocrx_word' id='word_1_1' title='bbox 432 195 669 261; x_wconf 78' lang='lat'><strong>-381-</strong></span> 
     </span>
    </p>
   </div>
   <div class='ocr_carea' id='block_1_2' title="bbox 59 365 1064 538">
    <p class='ocr_par' dir='ltr' id='par_1_2' title="bbox 59 365 1064 538">
     <span class='ocr_line' id='line_1_2' title="bbox 59 365 1064 450; baseline -0.002 -20"><span class='ocrx_word' id='word_1_2' title='bbox 59 368 171 449; x_wconf 86' lang='lat' dir='ltr'><strong>pereat</strong></span> <span class='ocrx_word' id='word_1_3' title='bbox 193 366 323 431; x_wconf 82' lang='lat' dir='ltr'><strong>Atreus.</strong></span> <span class='ocrx_word' id='word_1_4' title='bbox 360 365 485 431; x_wconf 89' lang='lat' dir='ltr'><strong>Durum</strong></span> <span class='ocrx_word' id='word_1_5' title='bbox 508 366 570 431; x_wconf 88' lang='lat' dir='ltr'><strong>hoe</strong></span> <span class='ocrx_word' id='word_1_6' title='bbox 593 387 681 450; x_wconf 83' lang='lat' dir='ltr'><strong>sane3</strong></span> <span class='ocrx_word' id='word_1_7' title='bbox 704 365 781 430; x_wconf 83' lang='lat' dir='ltr'><strong>telis</strong></span> <span class='ocrx_word' id='word_1_8' title='bbox 804 365 889 431; x_wconf 89' lang='lat' dir='ltr'><strong>enim</strong></span> <span class='ocrx_word' id='word_1_9' title='bbox 912 365 1064 429; x_wconf 88' lang='lat' dir='ltr'><strong>interitus</strong></span> 
     </span>
     <span class='ocr_line' id='line_1_3' title="bbox 59 453 766 538; baseline -0.001 -21"><span class='ocrx_word' id='word_1_10' title='bbox 59 475 124 518; x_wconf 90' lang='lat' dir='ltr'><strong>non</strong></span> <span class='ocrx_word' id='word_1_11' title='bbox 148 457 199 518; x_wconf 86' lang='lat' dir='ltr'><strong>est</strong></span> <span class='ocrx_word' id='word_1_12' title='bbox 222 454 291 518; x_wconf 89' lang='lat' dir='ltr'><strong>sine</strong></span> <span class='ocrx_word' id='word_1_13' title='bbox 314 454 405 538; x_wconf 86' lang='lat' dir='ltr'><strong>gravi</strong></span> <span class='ocrx_word' id='word_1_14' title='bbox 428 475 536 538; x_wconf 80' lang='lat' dir='ltr'><strong>sensu3</strong></span> <span class='ocrx_word' id='word_1_15' title='bbox 562 453 620 518; x_wconf 88' lang='lat' dir='ltr'><strong>illa</strong></span> <span class='ocrx_word' id='word_1_16' title='bbox 643 453 766 518; x_wconf 87' lang='lat' dir='ltr'><strong>inania:</strong></span> 
     </span>
    </p>
   </div>
   <div class='ocr_carea' id='block_1_3' title="bbox 102 561 1066 835">
    <p class='ocr_par' dir='ltr' id='par_1_3' title="bbox 102 561 1066 835">
     <span class='ocr_line' id='line_1_4' title="bbox 102 561 1066 659; baseline -0.001 -20"><span class='ocrx_word' id='word_1_17' title='bbox 102 561 191 659; x_wconf 82' lang='lat' dir='ltr'><strong>lpse</strong></span> <span class='ocrx_word' id='word_1_18' title='bbox 211 576 366 640; x_wconf 82' lang='lat' dir='ltr'><strong>summis</strong></span> <span class='ocrx_word' id='word_1_19' title='bbox 386 576 490 641; x_wconf 76' lang='lat' dir='ltr'><strong>saxis</strong></span> <span class='ocrx_word' id='word_1_20' title='bbox 509 575 612 640; x_wconf 89' lang='lat' dir='ltr'><strong>fixus</strong></span> <span class='ocrx_word' id='word_1_21' title='bbox 632 575 793 659; x_wconf 76' lang='lat' dir='ltr'><strong>asperis,</strong></span> <span class='ocrx_word' id='word_1_22' title='bbox 811 573 1066 658; x_wconf 87' lang='lat' dir='ltr'><strong>evisceratus,</strong></span> 
     </span>
     <span class='ocr_line' id='line_1_5' title="bbox 102 663 1063 748; baseline 0.002 -22"><span class='ocrx_word' id='word_1_23' title='bbox 102 663 240 728; x_wconf 76' lang='lat' dir='ltr'><strong>Latere</strong></span> <span class='ocrx_word' id='word_1_24' title='bbox 272 664 453 748; x_wconf 86' lang='lat' dir='ltr'><strong>pendens,</strong></span> <span class='ocrx_word' id='word_1_25' title='bbox 485 665 576 728; x_wconf 74' lang='lat' dir='ltr'><strong>saxa</strong></span> <span class='ocrx_word' id='word_1_26' title='bbox 607 683 795 748; x_wconf 87' lang='lat' dir='ltr'><strong>spargens</strong></span> <span class='ocrx_word' id='word_1_27' title='bbox 822 663 926 746; x_wconf 74' lang='lat' dir='ltr'><strong>tabo,</strong></span> <span class='ocrx_word' id='word_1_28' title='bbox 957 663 1063 728; x_wconf 86' lang='lat' dir='ltr'><strong>sanie</strong></span> 
     </span>
     <span class='ocr_line' id='line_1_6' title="bbox 614 751 976 835; baseline 0.003 -20"><span class='ocrx_word' id='word_1_29' title='bbox 614 754 651 815; x_wconf 89' lang='lat' dir='ltr'><strong>et</strong></span> <span class='ocrx_word' id='word_1_30' title='bbox 673 751 976 835; x_wconf 76' lang='lat' dir='ltr'><strong>sanguineatro.</strong></span> 
     </span>
    </p>
   </div>
   <div class='ocr_carea' id='block_1_4' title="bbox 58 889 1106 1238">
    <p class='ocr_par' dir='ltr' id='par_1_4' title="bbox 58 889 1106 1238">
     <span class='ocr_line' id='line_1_7' title="bbox 59 889 1064 976; baseline 0.002 -22"><span class='ocrx_word' id='word_1_31' title='bbox 59 889 135 955; x_wconf 91' lang='lat' dir='ltr'><strong>Non</strong></span> <span class='ocrx_word' id='word_1_32' title='bbox 157 891 230 974; x_wconf 88' lang='lat' dir='ltr'><strong>ipsa</strong></span> <span class='ocrx_word' id='word_1_33' title='bbox 252 914 330 956; x_wconf 83' lang='lat' dir='ltr'><strong>saxa</strong></span> <span class='ocrx_word' id='word_1_34' title='bbox 352 891 457 976; x_wconf 88' lang='lat' dir='ltr'><strong>magis</strong></span> <span class='ocrx_word' id='word_1_35' title='bbox 476 913 572 956; x_wconf 88' lang='lat' dir='ltr'><strong>sensu</strong></span> <span class='ocrx_word' id='word_1_36' title='bbox 595 890 683 956; x_wconf 88' lang='lat' dir='ltr'><strong>omni</strong></span> <span class='ocrx_word' id='word_1_37' title='bbox 705 892 867 956; x_wconf 86' lang='lat' dir='ltr'><strong>vacabunt</strong></span> <span class='ocrx_word' id='word_1_38' title='bbox 889 913 986 975; x_wconf 89' lang='lat' dir='ltr'><strong>quam</strong></span> <span class='ocrx_word' id='word_1_39' title='bbox 1008 891 1064 956; x_wconf 92' lang='lat' dir='ltr'><strong>ille</strong></span> 
     </span>
     <span class='ocr_line' id='line_1_8' title="bbox 59 977 1064 1062; baseline 0.003 -20"><span class='ocrx_word' id='word_1_40' title='bbox 59 977 172 1042; x_wconf 80' lang='lat' dir='ltr'><strong>‘latere</strong></span> <span class='ocrx_word' id='word_1_41' title='bbox 200 978 370 1062; x_wconf 89' lang='lat' dir='ltr'><strong>pendens&#39;,</strong></span> <span class='ocrx_word' id='word_1_42' title='bbox 396 979 447 1045; x_wconf 88' lang='lat' dir='ltr'><strong>cui</strong></span> <span class='ocrx_word' id='word_1_43' title='bbox 470 1001 504 1043; x_wconf 89' lang='lat' dir='ltr'><strong>se</strong></span> <span class='ocrx_word' id='word_1_44' title='bbox 531 978 584 1042; x_wconf 88' lang='lat' dir='ltr'><strong>hic</strong></span> <span class='ocrx_word' id='word_1_45' title='bbox 607 979 782 1043; x_wconf 84' lang='lat' dir='ltr'><strong>cruciatum</strong></span> <span class='ocrx_word' id='word_1_46' title='bbox 805 981 916 1043; x_wconf 89' lang='lat' dir='ltr'><strong>censet</strong></span> <span class='ocrx_word' id='word_1_47' title='bbox 942 982 1064 1061; x_wconf 87' lang='lat' dir='ltr'><strong>optare.</strong></span> 
     </span>
     <span class='ocr_line' id='line_1_9' title="bbox 59 1066 1065 1150; baseline 0.002 -21"><span class='ocrx_word' id='word_1_48' title='bbox 59 1066 148 1140; x_wconf 79' lang='lat' dir='ltr'><strong>Quae</strong></span> <span class='ocrx_word' id='word_1_49' title='bbox 176 1070 284 1131; x_wconf 79' lang='lat' dir='ltr'><strong>essent</strong></span> <span class='ocrx_word' id='word_1_50' title='bbox 306 1067 398 1149; x_wconf 88' lang='lat' dir='ltr'><strong>dura,</strong></span> <span class='ocrx_word' id='word_1_51' title='bbox 426 1067 453 1130; x_wconf 89' lang='lat' dir='ltr'><strong>si</strong></span> <span class='ocrx_word' id='word_1_52' title='bbox 484 1066 631 1150; x_wconf 77' lang='lat' dir='ltr'><strong>sentiret,</strong></span> <span class='ocrx_word' id='word_1_53' title='bbox 657 1067 748 1131; x_wconf 88' lang='lat' dir='ltr'><strong>nulla</strong></span> <span class='ocrx_word' id='word_1_54' title='bbox 773 1071 847 1132; x_wconf 74' lang='lat' dir='ltr'><strong>aaut</strong></span> <span class='ocrx_word' id='word_1_55' title='bbox 868 1066 937 1131; x_wconf 89' lang='lat' dir='ltr'><strong>sine</strong></span> <span class='ocrx_word' id='word_1_56' title='bbox 961 1087 1065 1131; x_wconf 89' lang='lat' dir='ltr'><strong>sensu.</strong></span> 
     </span>
     <span class='ocr_line' id='line_1_10' title="bbox 58 1152 1106 1238; baseline 0.002 -22"><span class='ocrx_word' id='word_1_57' title='bbox 58 1152 143 1218; x_wconf 95' lang='lat' dir='ltr'><strong>Illud</strong></span> <span class='ocrx_word' id='word_1_58' title='bbox 166 1176 241 1219; x_wconf 87' lang='lat' dir='ltr'><strong>vero</strong></span> <span class='ocrx_word' id='word_1_59' title='bbox 264 1176 420 1238; x_wconf 85' lang='lat' dir='ltr'><strong>perquam</strong></span> <span class='ocrx_word' id='word_1_60' title='bbox 445 1153 554 1218; x_wconf 90' lang='lat' dir='ltr'><strong>inane:</strong></span> <span class='ocrx_word' id='word_1_61' title='bbox 1104 1170 1106 1174; x_wconf 72' lang='lat'>‘</span> 
     </span>
    </p>
   </div>
   <div class='ocr_carea' id='block_1_5' title="bbox 102 1274 1065 1604">
    <p class='ocr_par' dir='ltr' id='par_1_5' title="bbox 102 1274 1064 1448">
     <span class='ocr_line' id='line_1_11' title="bbox 102 1274 1064 1360; baseline 0 -20"><span class='ocrx_word' id='word_1_62' title='bbox 102 1274 232 1360; x_wconf 73' lang='lat' dir='ltr'><strong>Neque</strong></span> <span class='ocrx_word' id='word_1_63' title='bbox 256 1276 489 1360; x_wconf 86' lang='lat' dir='ltr'><strong>sepulcrum,</strong></span> <span class='ocrx_word' id='word_1_64' title='bbox 517 1277 588 1359; x_wconf 78' lang='lat' dir='ltr'><strong>qud</strong></span> <span class='ocrx_word' id='word_1_65' title='bbox 611 1276 789 1359; x_wconf 88' lang='lat' dir='ltr'><strong>recipiat,</strong></span> <span class='ocrx_word' id='word_1_66' title='bbox 811 1276 953 1341; x_wconf 85' lang='lat' dir='ltr'><strong>ha&#39;beat</strong></span> <span class='ocrx_word' id='word_1_67' title='bbox 975 1297 1064 1360; x_wconf 89' lang='lat' dir='ltr'><strong>por-</strong></span> 
     </span>
     <span class='ocr_line' id='line_1_12' title="bbox 683 1364 977 1448; baseline 0.003 -21"><span class='ocrx_word' id='word_1_68' title='bbox 683 1367 761 1429; x_wconf 91' lang='lat' dir='ltr'><strong>tum</strong></span> <span class='ocrx_word' id='word_1_69' title='bbox 787 1364 977 1448; x_wconf 76' lang='lat' dir='ltr'><strong>corporis,</strong></span> 
     </span>
    </p>

    <p class='ocr_par' dir='ltr' id='par_1_6' title="bbox 102 1433 1065 1604">
     <span class='ocr_line' id='line_1_13' title="bbox 102 1433 1065 1602; baseline 0.002 -88"><span class='ocrx_word' id='word_1_70' title='bbox 102 1433 177 1514; x_wconf 78' lang='lat' dir='ltr'><strong>Ubi</strong></span> <span class='ocrx_word' id='word_1_71' title='bbox 200 1452 364 1515; x_wconf 89' lang='lat' dir='ltr'><strong>remissa</strong></span> <span class='ocrx_word' id='word_1_72' title='bbox 386 1451 552 1515; x_wconf 76' lang='lat' dir='ltr'><strong>humana</strong></span> <span class='ocrx_word' id='word_1_73' title='bbox 573 1451 655 1516; x_wconf 86' lang='lat' dir='ltr'><strong>vita</strong></span> <span class='ocrx_word' id='word_1_74' title='bbox 678 1453 814 1535; x_wconf 79' lang='lat' dir='ltr'><strong>corpus</strong></span> <span class='ocrx_word' id='word_1_75' title='bbox 844 1452 1065 1602; x_wconf 28' lang='lat' dir='ltr'><strong>reqpniescat</strong></span> 
     </span>
     <span class='ocr_line' id='line_1_14' title="bbox 850 1561 977 1604; baseline 0 -2"><span class='ocrx_word' id='word_1_76' title='bbox 850 1561 911 1603; x_wconf 88' lang='lat' dir='ltr'><strong>ma</strong></span> <span class='ocrx_word' id='word_1_77' title='bbox 934 1562 977 1604; x_wconf 84' lang='lat' dir='ltr'><strong>rs.</strong></span> 
     </span>
    </p>
   </div>
   <div class='ocr_carea' id='block_1_6' title="bbox 58 1677 1118 3424">
    <p class='ocr_par' dir='ltr' id='par_1_7' title="bbox 58 1677 1118 3424">
     <span class='ocr_line' id='line_1_15' title="bbox 58 1677 1065 1762; baseline 0 -18"><span class='ocrx_word' id='word_1_78' title='bbox 58 1678 173 1760; x_wconf 87' lang='lat' dir='ltr'><strong>Vides,</strong></span> <span class='ocrx_word' id='word_1_79' title='bbox 202 1681 323 1762; x_wconf 90' lang='lat' dir='ltr'><strong>quanto</strong></span> <span class='ocrx_word' id='word_1_80' title='bbox 351 1677 431 1742; x_wconf 85' lang='lat' dir='ltr'><strong>haee</strong></span> <span class='ocrx_word' id='word_1_81' title='bbox 453 1678 487 1742; x_wconf 91' lang='lat' dir='ltr'><strong>in</strong></span> <span class='ocrx_word' id='word_1_82' title='bbox 510 1700 616 1743; x_wconf 87' lang='lat' dir='ltr'><strong>errore</strong></span> <span class='ocrx_word' id='word_1_83' title='bbox 639 1681 818 1762; x_wconf 72' lang='lat' dir='ltr'><strong>versentur,</strong></span> <span class='ocrx_word' id='word_1_84' title='bbox 842 1681 972 1761; x_wconf 87' lang='lat' dir='ltr'><strong>portum</strong></span> <span class='ocrx_word' id='word_1_85' title='bbox 994 1700 1065 1744; x_wconf 91' lang='lat' dir='ltr'><strong>esse</strong></span> 
     </span>
     <span class='ocr_line' id='line_1_16' title="bbox 60 1765 1065 1851; baseline 0.002 -21"><span class='ocrx_word' id='word_1_86' title='bbox 60 1765 204 1849; x_wconf 85' lang='lat' dir='ltr'><strong>corporis</strong></span> <span class='ocrx_word' id='word_1_87' title='bbox 237 1768 270 1829; x_wconf 91' lang='lat' dir='ltr'><strong>et</strong></span> <span class='ocrx_word' id='word_1_88' title='bbox 301 1765 499 1849; x_wconf 89' lang='lat' dir='ltr'><strong>requiescere</strong></span> <span class='ocrx_word' id='word_1_89' title='bbox 530 1766 565 1829; x_wconf 92' lang='lat' dir='ltr'><strong>in</strong></span> <span class='ocrx_word' id='word_1_90' title='bbox 597 1767 744 1849; x_wconf 89' lang='lat' dir='ltr'><strong>sepulcro</strong></span> <span class='ocrx_word' id='word_1_91' title='bbox 770 1769 865 1849; x_wconf 89' lang='lat' dir='ltr'><strong>putat</strong></span> <span class='ocrx_word' id='word_1_92' title='bbox 892 1771 1065 1851; x_wconf 89' lang='lat' dir='ltr'><strong>mortuum,</strong></span> 
     </span>
     <span class='ocr_line' id='line_1_17' title="bbox 59 1852 1065 1937; baseline 0.003 -21"><span class='ocrx_word' id='word_1_93' title='bbox 59 1874 180 1937; x_wconf 88' lang='lat' dir='ltr'><strong>magna</strong></span> <span class='ocrx_word' id='word_1_94' title='bbox 212 1853 308 1936; x_wconf 89' lang='lat' dir='ltr'><strong>culpa</strong></span> <span class='ocrx_word' id='word_1_95' title='bbox 338 1852 481 1936; x_wconf 89' lang='lat' dir='ltr'><strong>Pelopis,</strong></span> <span class='ocrx_word' id='word_1_96' title='bbox 513 1853 569 1937; x_wconf 93' lang='lat' dir='ltr'><strong>qui</strong></span> <span class='ocrx_word' id='word_1_97' title='bbox 600 1876 667 1919; x_wconf 90' lang='lat' dir='ltr'><strong>non</strong></span> <span class='ocrx_word' id='word_1_98' title='bbox 699 1854 850 1919; x_wconf 73' lang='lat' dir='ltr'><strong>erudierit</strong></span> <span class='ocrx_word' id='word_1_99' title='bbox 875 1855 978 1919; x_wconf 89' lang='lat' dir='ltr'><strong>filium</strong></span> <span class='ocrx_word' id='word_1_100' title='bbox 1006 1877 1065 1920; x_wconf 90' lang='lat' dir='ltr'><strong>nec</strong></span> 
     </span>
     <span class='ocr_line' id='line_1_18' title="bbox 60 1940 1116 2054; baseline 0.002 -50"><span class='ocrx_word' id='word_1_101' title='bbox 60 1940 219 2024; x_wconf 90' lang='lat' dir='ltr'><strong>docuerit,</strong></span> <span class='ocrx_word' id='word_1_102' title='bbox 242 1943 397 2023; x_wconf 90' lang='lat' dir='ltr'><strong>quatenus</strong></span> <span class='ocrx_word' id='word_1_103' title='bbox 422 1943 506 2004; x_wconf 87' lang='lat' dir='ltr'><strong>esset</strong></span> <span class='ocrx_word' id='word_1_104' title='bbox 530 1941 668 2025; x_wconf 89' lang='lat' dir='ltr'><strong>quidque</strong></span> <span class='ocrx_word' id='word_1_105' title='bbox 691 1942 876 2007; x_wconf 89' lang='lat' dir='ltr'><strong>curandum.</strong></span> <span class='ocrx_word' id='word_1_106' title='bbox 1073 1989 1116 2054; x_wconf 76' lang='lat'><strong>45</strong></span> 
     </span>
     <span class='ocr_line' id='line_1_19' title="bbox 127 2027 1117 2116; baseline 0 -23"><span class='ocrx_word' id='word_1_107' title='bbox 127 2027 189 2094; x_wconf 85' lang='lat' dir='ltr'><strong>Sed</strong></span> <span class='ocrx_word' id='word_1_108' title='bbox 225 2028 299 2112; x_wconf 92' lang='lat' dir='ltr'><strong>quid</strong></span> <span class='ocrx_word' id='word_1_109' title='bbox 337 2027 537 2112; x_wconf 84' lang='lat' dir='ltr'><strong>singulorum</strong></span> <span class='ocrx_word' id='word_1_110' title='bbox 574 2030 740 2111; x_wconf 87' lang='lat' dir='ltr'><strong>opiniones</strong></span> <span class='ocrx_word' id='word_1_111' title='bbox 782 2029 1043 2112; x_wconf 89' lang='lat' dir='ltr'><strong>animadvertam,</strong></span> <span class='ocrx_word' id='word_1_112' title='bbox 1067 2066 1117 2116; x_wconf 88' lang='lat'><strong>108</strong></span> 
     </span>
     <span class='ocr_line' id='line_1_20' title="bbox 58 2115 1064 2199; baseline 0 -18"><span class='ocrx_word' id='word_1_113' title='bbox 58 2116 228 2181; x_wconf 88' lang='lat' dir='ltr'><strong>nationum</strong></span> <span class='ocrx_word' id='word_1_114' title='bbox 250 2116 356 2181; x_wconf 85' lang='lat' dir='ltr'><strong>varios</strong></span> <span class='ocrx_word' id='word_1_115' title='bbox 380 2137 503 2180; x_wconf 87' lang='lat' dir='ltr'><strong>errores</strong></span> <span class='ocrx_word' id='word_1_116' title='bbox 526 2117 706 2199; x_wconf 84' lang='lat' dir='ltr'><strong>perspicere</strong></span> <span class='ocrx_word' id='word_1_117' title='bbox 730 2139 803 2181; x_wconf 91' lang='lat' dir='ltr'><strong>cum</strong></span> <span class='ocrx_word' id='word_1_118' title='bbox 825 2117 943 2181; x_wconf 81' lang='lat' dir='ltr'><strong>liceat?</strong></span> <span class='ocrx_word' id='word_1_119' title='bbox 982 2115 1064 2181; x_wconf 85' lang='lat' dir='ltr'><strong>Con·</strong></span> 
     </span>
     <span class='ocr_line' id='line_1_21' title="bbox 59 2203 1065 2288; baseline 0 -19"><span class='ocrx_word' id='word_1_120' title='bbox 59 2205 152 2269; x_wconf 91' lang='lat' dir='ltr'><strong>diunt</strong></span> <span class='ocrx_word' id='word_1_121' title='bbox 178 2203 336 2288; x_wconf 81' lang='lat' dir='ltr'><strong>Aegyptii</strong></span> <span class='ocrx_word' id='word_1_122' title='bbox 362 2207 507 2268; x_wconf 88' lang='lat' dir='ltr'><strong>mortuos</strong></span> <span class='ocrx_word' id='word_1_123' title='bbox 535 2207 568 2266; x_wconf 91' lang='lat' dir='ltr'><strong>et</strong></span> <span class='ocrx_word' id='word_1_124' title='bbox 590 2225 644 2268; x_wconf 85' lang='lat' dir='ltr'><strong>eos</strong></span> <span class='ocrx_word' id='word_1_125' title='bbox 668 2209 800 2269; x_wconf 86' lang='lat' dir='ltr'><strong>servant</strong></span> <span class='ocrx_word' id='word_1_126' title='bbox 823 2204 923 2288; x_wconf 91' lang='lat' dir='ltr'><strong>domi,</strong></span> <span class='ocrx_word' id='word_1_127' title='bbox 949 2205 1065 2270; x_wconf 85' lang='lat' dir='ltr'><strong>Persae</strong></span> 
     </span>
     <span class='ocr_line' id='line_1_22' title="bbox 60 2290 1065 2376; baseline -0.002 -19"><span class='ocrx_word' id='word_1_128' title='bbox 60 2293 157 2357; x_wconf 91' lang='lat' dir='ltr'><strong>etiam</strong></span> <span class='ocrx_word' id='word_1_129' title='bbox 180 2313 253 2355; x_wconf 85' lang='lat' dir='ltr'><strong>cera</strong></span> <span class='ocrx_word' id='word_1_130' title='bbox 275 2291 471 2355; x_wconf 82' lang='lat' dir='ltr'><strong>circumlitos</strong></span> <span class='ocrx_word' id='word_1_131' title='bbox 491 2290 647 2371; x_wconf 85' lang='lat' dir='ltr'><strong>condunt,</strong></span> <span class='ocrx_word' id='word_1_132' title='bbox 669 2294 821 2375; x_wconf 90' lang='lat' dir='ltr'><strong>utquam</strong></span> <span class='ocrx_word' id='word_1_133' title='bbox 839 2292 977 2355; x_wconf 83' lang='lat' dir='ltr'><strong>maxime</strong></span> <span class='ocrx_word' id='word_1_134' title='bbox 994 2314 1065 2376; x_wconf 91' lang='lat' dir='ltr'><strong>per·</strong></span> 
     </span>
     <span class='ocr_line' id='line_1_23' title="bbox 60 2378 1066 2463; baseline 0.001 -20"><span class='ocrx_word' id='word_1_135' title='bbox 60 2382 214 2444; x_wconf 91' lang='lat' dir='ltr'><strong>maneant</strong></span> <span class='ocrx_word' id='word_1_136' title='bbox 245 2378 398 2442; x_wconf 88' lang='lat' dir='ltr'><strong>diuturna</strong></span> <span class='ocrx_word' id='word_1_137' title='bbox 429 2399 572 2460; x_wconf 86' lang='lat' dir='ltr'><strong>corpora.</strong></span> <span class='ocrx_word' id='word_1_138' title='bbox 626 2378 797 2463; x_wconf 85' lang='lat' dir='ltr'><strong>Magorum</strong></span> <span class='ocrx_word' id='word_1_139' title='bbox 823 2400 894 2443; x_wconf 87' lang='lat' dir='ltr'><strong>mos</strong></span> <span class='ocrx_word' id='word_1_140' title='bbox 922 2382 972 2443; x_wconf 88' lang='lat' dir='ltr'><strong>est</strong></span> <span class='ocrx_word' id='word_1_141' title='bbox 998 2402 1066 2444; x_wconf 91' lang='lat' dir='ltr'><strong>non</strong></span> 
     </span>
     <span class='ocr_line' id='line_1_24' title="bbox 59 2466 1065 2549; baseline 0 -18"><span class='ocrx_word' id='word_1_142' title='bbox 59 2468 193 2531; x_wconf 90' lang='lat' dir='ltr'><strong>humare</strong></span> <span class='ocrx_word' id='word_1_143' title='bbox 213 2487 348 2549; x_wconf 88' lang='lat' dir='ltr'><strong>corpora</strong></span> <span class='ocrx_word' id='word_1_144' title='bbox 367 2487 510 2548; x_wconf 91' lang='lat' dir='ltr'><strong>suorum,</strong></span> <span class='ocrx_word' id='word_1_145' title='bbox 532 2466 597 2529; x_wconf 89' lang='lat' dir='ltr'><strong>nisi</strong></span> <span class='ocrx_word' id='word_1_146' title='bbox 615 2466 729 2529; x_wconf 85' lang='lat' dir='ltr'><strong>aforis</strong></span> <span class='ocrx_word' id='word_1_147' title='bbox 752 2466 818 2529; x_wconf 86' lang='lat' dir='ltr'><strong>sint</strong></span> <span class='ocrx_word' id='word_1_148' title='bbox 836 2469 911 2529; x_wconf 85' lang='lat' dir='ltr'><strong>ante</strong></span> <span class='ocrx_word' id='word_1_149' title='bbox 933 2466 1065 2531; x_wconf 89' lang='lat' dir='ltr'><strong>laniata.</strong></span> 
     </span>
     <span class='ocr_line' id='line_1_25' title="bbox 59 2552 1065 2636; baseline 0.002 -19"><span class='ocrx_word' id='word_1_150' title='bbox 59 2553 98 2617; x_wconf 90' lang='lat' dir='ltr'><strong>In</strong></span> <span class='ocrx_word' id='word_1_151' title='bbox 120 2552 281 2636; x_wconf 77' lang='lat' dir='ltr'><strong>Hyrcania</strong></span> <span class='ocrx_word' id='word_1_152' title='bbox 303 2553 394 2636; x_wconf 89' lang='lat' dir='ltr'><strong>plebs</strong></span> <span class='ocrx_word' id='word_1_153' title='bbox 418 2552 565 2636; x_wconf 87' lang='lat' dir='ltr'><strong>publicos</strong></span> <span class='ocrx_word' id='word_1_154' title='bbox 588 2552 648 2616; x_wconf 88' lang='lat' dir='ltr'><strong>alit</strong></span> <span class='ocrx_word' id='word_1_155' title='bbox 671 2574 780 2635; x_wconf 79' lang='lat' dir='ltr'><strong>cauea,</strong></span> <span class='ocrx_word' id='word_1_156' title='bbox 806 2556 988 2635; x_wconf 84' lang='lat' dir='ltr'><strong>optumates</strong></span> <span class='ocrx_word' id='word_1_157' title='bbox 1011 2554 1065 2619; x_wconf 92' lang='lat' dir='ltr'><strong>do·</strong></span> 
     </span>
     <span class='ocr_line' id='line_1_26' title="bbox 59 2639 1065 2724; baseline 0.001 -20"><span class='ocrx_word' id='word_1_158' title='bbox 59 2642 219 2706; x_wconf 84' lang='lat' dir='ltr'><strong>mesticos.</strong></span> <span class='ocrx_word' id='word_1_159' title='bbox 268 2639 387 2705; x_wconf 86' lang='lat' dir='ltr'><strong>Nobile</strong></span> <span class='ocrx_word' id='word_1_160' title='bbox 420 2644 527 2704; x_wconf 88' lang='lat' dir='ltr'><strong>autem</strong></span> <span class='ocrx_word' id='word_1_161' title='bbox 558 2660 659 2724; x_wconf 86' lang='lat' dir='ltr'><strong>genus</strong></span> <span class='ocrx_word' id='word_1_162' title='bbox 687 2661 802 2705; x_wconf 90' lang='lat' dir='ltr'><strong>canum</strong></span> <span class='ocrx_word' id='word_1_163' title='bbox 833 2641 914 2705; x_wconf 90' lang='lat' dir='ltr'><strong>illud</strong></span> <span class='ocrx_word' id='word_1_164' title='bbox 947 2640 1065 2705; x_wconf 87' lang='lat' dir='ltr'><strong>scimus</strong></span> 
     </span>
     <span class='ocr_line' id='line_1_27' title="bbox 60 2727 1065 2811; baseline -0.002 -18"><span class='ocrx_word' id='word_1_165' title='bbox 60 2750 143 2811; x_wconf 79' lang='lat' dir='ltr'><strong>esse3</strong></span> <span class='ocrx_word' id='word_1_166' title='bbox 171 2729 226 2793; x_wconf 89' lang='lat' dir='ltr'><strong>sed</strong></span> <span class='ocrx_word' id='word_1_167' title='bbox 253 2749 312 2810; x_wconf 89' lang='lat' dir='ltr'><strong>pro</strong></span> <span class='ocrx_word' id='word_1_168' title='bbox 340 2750 399 2792; x_wconf 88' lang='lat' dir='ltr'><strong>sua</strong></span> <span class='ocrx_word' id='word_1_169' title='bbox 426 2728 561 2811; x_wconf 89' lang='lat' dir='ltr'><strong>quisque</strong></span> <span class='ocrx_word' id='word_1_170' title='bbox 588 2727 743 2792; x_wconf 84' lang='lat' dir='ltr'><strong>facultate</strong></span> <span class='ocrx_word' id='word_1_171' title='bbox 769 2730 877 2811; x_wconf 88' lang='lat' dir='ltr'><strong>parat,</strong></span> <span class='ocrx_word' id='word_1_172' title='bbox 907 2727 1065 2811; x_wconf 89' lang='lat' dir='ltr'><strong>aquibus</strong></span> 
     </span>
     <span class='ocr_line' id='line_1_28' title="bbox 58 2815 1066 2899; baseline 0.001 -20"><span class='ocrx_word' id='word_1_173' title='bbox 58 2816 208 2899; x_wconf 86' lang='lat' dir='ltr'><strong>lanietur,</strong></span> <span class='ocrx_word' id='word_1_174' title='bbox 226 2837 359 2899; x_wconf 90' lang='lat' dir='ltr'><strong>eamque</strong></span> <span class='ocrx_word' id='word_1_175' title='bbox 373 2816 540 2898; x_wconf 90' lang='lat' dir='ltr'><strong>optumam</strong></span> <span class='ocrx_word' id='word_1_176' title='bbox 553 2815 603 2879; x_wconf 89' lang='lat' dir='ltr'><strong>illi</strong></span> <span class='ocrx_word' id='word_1_177' title='bbox 617 2837 687 2879; x_wconf 89' lang='lat' dir='ltr'><strong>esse</strong></span> <span class='ocrx_word' id='word_1_178' title='bbox 706 2818 839 2880; x_wconf 88' lang='lat' dir='ltr'><strong>censent</strong></span> <span class='ocrx_word' id='word_1_179' title='bbox 857 2815 1066 2898; x_wconf 88' lang='lat' dir='ltr'><strong>sepulturam.</strong></span> 
     </span>
     <span class='ocr_line' id='line_1_29' title="bbox 59 2900 1066 2986; baseline -0.002 -18"><span class='ocrx_word' id='word_1_180' title='bbox 59 2903 227 2968; x_wconf 87' lang='lat' dir='ltr'><strong>Permulta</strong></span> <span class='ocrx_word' id='word_1_181' title='bbox 260 2903 325 2968; x_wconf 90' lang='lat' dir='ltr'><strong>alia</strong></span> <span class='ocrx_word' id='word_1_182' title='bbox 357 2902 484 2985; x_wconf 81' lang='lat' dir='ltr'><strong>colligit</strong></span> <span class='ocrx_word' id='word_1_183' title='bbox 516 2900 734 2986; x_wconf 77' lang='lat' dir='ltr'><strong>Chrysippus,</strong></span> <span class='ocrx_word' id='word_1_184' title='bbox 764 2906 801 2968; x_wconf 91' lang='lat' dir='ltr'><strong>ut</strong></span> <span class='ocrx_word' id='word_1_185' title='bbox 832 2905 882 2967; x_wconf 90' lang='lat' dir='ltr'><strong>est</strong></span> <span class='ocrx_word' id='word_1_186' title='bbox 912 2902 947 2966; x_wconf 90' lang='lat' dir='ltr'><strong>in</strong></span> <span class='ocrx_word' id='word_1_187' title='bbox 980 2903 1066 2967; x_wconf 92' lang='lat' dir='ltr'><strong>omni</strong></span> 
     </span>
     <span class='ocr_line' id='line_1_30' title="bbox 59 2990 1067 3074; baseline 0 -19"><span class='ocrx_word' id='word_1_188' title='bbox 59 2991 199 3056; x_wconf 89' lang='lat' dir='ltr'><strong>historia</strong></span> <span class='ocrx_word' id='word_1_189' title='bbox 222 2991 380 3073; x_wconf 78' lang='lat' dir='ltr'><strong>curiosus3</strong></span> <span class='ocrx_word' id='word_1_190' title='bbox 404 2990 459 3054; x_wconf 89' lang='lat' dir='ltr'><strong>sed</strong></span> <span class='ocrx_word' id='word_1_191' title='bbox 481 2990 528 3053; x_wconf 85' lang='lat' dir='ltr'><strong>ita</strong></span> <span class='ocrx_word' id='word_1_192' title='bbox 549 2994 658 3055; x_wconf 87' lang='lat' dir='ltr'><strong>taetra</strong></span> <span class='ocrx_word' id='word_1_193' title='bbox 681 2993 755 3054; x_wconf 90' lang='lat' dir='ltr'><strong>sunt</strong></span> <span class='ocrx_word' id='word_1_194' title='bbox 778 2990 947 3074; x_wconf 86' lang='lat' dir='ltr'><strong>quaedam,</strong></span> <span class='ocrx_word' id='word_1_195' title='bbox 969 2993 1006 3053; x_wconf 92' lang='lat' dir='ltr'><strong>ut</strong></span> <span class='ocrx_word' id='word_1_196' title='bbox 1029 3012 1067 3055; x_wconf 92' lang='lat' dir='ltr'><strong>ea</strong></span> 
     </span>
     <span class='ocr_line' id='line_1_31' title="bbox 59 3077 1065 3164; baseline -0.001 -21"><span class='ocrx_word' id='word_1_197' title='bbox 59 3079 167 3164; x_wconf 86' lang='lat' dir='ltr'><strong>fugiat</strong></span> <span class='ocrx_word' id='word_1_198' title='bbox 195 3083 228 3143; x_wconf 91' lang='lat' dir='ltr'><strong>et</strong></span> <span class='ocrx_word' id='word_1_199' title='bbox 253 3078 440 3143; x_wconf 86' lang='lat' dir='ltr'><strong>reformidet</strong></span> <span class='ocrx_word' id='word_1_200' title='bbox 467 3077 580 3142; x_wconf 87' lang='lat' dir='ltr'><strong>oratio.</strong></span> <span class='ocrx_word' id='word_1_201' title='bbox 628 3077 730 3142; x_wconf 77' lang='lat' dir='ltr'><strong>&#39;lotus</strong></span> <span class='ocrx_word' id='word_1_202' title='bbox 760 3078 861 3162; x_wconf 89' lang='lat' dir='ltr'><strong>igitur</strong></span> <span class='ocrx_word' id='word_1_203' title='bbox 891 3077 944 3141; x_wconf 89' lang='lat' dir='ltr'><strong>hie</strong></span> <span class='ocrx_word' id='word_1_204' title='bbox 976 3078 1065 3142; x_wconf 85' lang='lat' dir='ltr'><strong>loeus</strong></span> 
     </span>
     <span class='ocr_line' id='line_1_32' title="bbox 60 3164 1066 3250; baseline -0.002 -19"><span class='ocrx_word' id='word_1_205' title='bbox 60 3172 111 3231; x_wconf 87' lang='lat' dir='ltr'><strong>est</strong></span> <span class='ocrx_word' id='word_1_206' title='bbox 129 3165 379 3232; x_wconf 87' lang='lat' dir='ltr'><strong>contemnendus</strong></span> <span class='ocrx_word' id='word_1_207' title='bbox 398 3166 432 3229; x_wconf 91' lang='lat' dir='ltr'><strong>in</strong></span> <span class='ocrx_word' id='word_1_208' title='bbox 449 3165 553 3248; x_wconf 93' lang='lat' dir='ltr'><strong>nobis,</strong></span> <span class='ocrx_word' id='word_1_209' title='bbox 571 3187 638 3229; x_wconf 90' lang='lat' dir='ltr'><strong>non</strong></span> <span class='ocrx_word' id='word_1_210' title='bbox 654 3165 872 3250; x_wconf 85' lang='lat' dir='ltr'><strong>neglegendus</strong></span> <span class='ocrx_word' id='word_1_211' title='bbox 891 3164 925 3228; x_wconf 89' lang='lat' dir='ltr'><strong>in</strong></span> <span class='ocrx_word' id='word_1_212' title='bbox 938 3165 1066 3241; x_wconf 90' lang='lat' dir='ltr'><strong>nostris,</strong></span> 
     </span>
     <span class='ocr_line' id='line_1_33' title="bbox 59 3252 1066 3337; baseline -0.001 -18"><span class='ocrx_word' id='word_1_213' title='bbox 59 3256 108 3319; x_wconf 89' lang='lat' dir='ltr'><strong>ita</strong></span> <span class='ocrx_word' id='word_1_214' title='bbox 139 3256 263 3337; x_wconf 90' lang='lat' dir='ltr'><strong>tamen,</strong></span> <span class='ocrx_word' id='word_1_215' title='bbox 292 3258 330 3317; x_wconf 93' lang='lat' dir='ltr'><strong>ut</strong></span> <span class='ocrx_word' id='word_1_216' title='bbox 356 3256 554 3317; x_wconf 90' lang='lat' dir='ltr'><strong>mortuorum</strong></span> <span class='ocrx_word' id='word_1_217' title='bbox 582 3274 717 3336; x_wconf 88' lang='lat' dir='ltr'><strong>corpora</strong></span> <span class='ocrx_word' id='word_1_218' title='bbox 743 3252 826 3316; x_wconf 93' lang='lat' dir='ltr'><strong>nihil</strong></span> <span class='ocrx_word' id='word_1_219' title='bbox 854 3253 972 3317; x_wconf 89' lang='lat' dir='ltr'><strong>sentire</strong></span> <span class='ocrx_word' id='word_1_220' title='bbox 998 3254 1066 3318; x_wconf 81' lang='lat' dir='ltr'><strong>vivi</strong></span> 
     </span>
     <span class='ocr_line' id='line_1_34' title="bbox 61 3339 1118 3424; baseline -0.008 -17"><span class='ocrx_word' id='word_1_221' title='bbox 61 3342 248 3408; x_wconf 84' lang='lat' dir='ltr'><strong>sentiamus.</strong></span> <span class='ocrx_word' id='word_1_222' title='bbox 302 3340 465 3417; x_wconf 78' lang='lat' dir='ltr'><strong>Quantum</strong></span> <span class='ocrx_word' id='word_1_223' title='bbox 493 3343 601 3404; x_wconf 89' lang='lat' dir='ltr'><strong>autem</strong></span> <span class='ocrx_word' id='word_1_224' title='bbox 629 3339 850 3409; x_wconf 77' lang='lat' dir='ltr'><strong>consuetudini</strong></span> <span class='ocrx_word' id='word_1_225' title='bbox 877 3340 1044 3424; x_wconf 82' lang='lat' dir='ltr'><strong>famaeque</strong></span> <span class='ocrx_word' id='word_1_226' title='bbox 1068 3353 1118 3401; x_wconf 83' lang='lat'><strong>109</strong></span> 
     </span>
    </p>
   </div>
   <div class='ocr_carea' id='block_1_7' title="bbox 60 3420 1066 3703">
    <p class='ocr_par' dir='ltr' id='par_1_8' title="bbox 60 3420 1066 3703">
     <span class='ocr_line' id='line_1_35' title="bbox 60 3427 1066 3513; baseline -0.004 -18"><span class='ocrx_word' id='word_1_227' title='bbox 60 3430 201 3495; x_wconf 89' lang='lat' dir='ltr'><strong>dandum</strong></span> <span class='ocrx_word' id='word_1_228' title='bbox 234 3430 290 3512; x_wconf 94' lang='lat' dir='ltr'><strong>sit,</strong></span> <span class='ocrx_word' id='word_1_229' title='bbox 322 3428 354 3491; x_wconf 92' lang='lat' dir='ltr'><strong>id</strong></span> <span class='ocrx_word' id='word_1_230' title='bbox 387 3429 497 3491; x_wconf 87' lang='lat' dir='ltr'><strong>curent</strong></span> <span class='ocrx_word' id='word_1_231' title='bbox 523 3427 604 3512; x_wconf 82' lang='lat' dir='ltr'><strong>vivi,</strong></span> <span class='ocrx_word' id='word_1_232' title='bbox 824 3431 850 3513; x_wconf 38' lang='lat' dir='ltr'><strong>,t</strong></span> <span class='ocrx_word' id='word_1_233' title='bbox 874 3428 1066 3513; x_wconf 86' lang='lat' dir='ltr'><strong>intellegant</strong></span> 
     </span>
     <span class='ocr_line' id='line_1_36' title="bbox 60 3420 1048 3703; baseline 0 -121"><span class='ocrx_word' id='word_1_234' title='bbox 60 3519 143 3582; x_wconf 86' lang='lat' dir='ltr'><strong>nihil</strong></span> <span class='ocrx_word' id='word_1_235' title='bbox 165 3518 199 3582; x_wconf 91' lang='lat' dir='ltr'><strong>id</strong></span> <span class='ocrx_word' id='word_1_236' title='bbox 222 3517 263 3582; x_wconf 91' lang='lat' dir='ltr'><strong>ad</strong></span> <span class='ocrx_word' id='word_1_237' title='bbox 284 3518 430 3581; x_wconf 87' lang='lat' dir='ltr'><strong>mortuos</strong></span> <span class='ocrx_word' id='word_1_238' title='bbox 452 3420 903 3703; x_wconf 60' lang='lat' dir='ltr'><strong>pertinere·</strong></span> <span class='ocrx_word' id='word_1_239' title='bbox 1040 3609 1048 3616; x_wconf 19' lang='lat'>³</span> 
     </span>
    </p>
   </div>
   <div class='ocr_carea' id='block_1_8' title="bbox 1040 3866 1156 3897">
    <p class='ocr_par' dir='ltr' id='par_1_9' title="bbox 1040 3866 1156 3897">
     <span class='ocr_line' id='line_1_37' title="bbox 1040 3866 1156 3897; baseline 0 0"><span class='ocrx_word' id='word_1_240' title='bbox 1040 3866 1156 3897; x_wconf 60' lang='lat' dir='ltr'><strong>a...</strong></span> 
     </span>
    </p>
   </div>
   <div class='ocr_carea' id='block_1_9' title="bbox 0 0 1229 3944">
    <p class='ocr_par' dir='ltr' id='par_1_10' title="bbox 0 0 1229 3944">
     <span class='ocr_line' id='line_1_38' title="bbox 0 0 1229 3944; baseline 0 0"><span class='ocrx_word' id='word_1_241' title='bbox 0 0 1229 3944; x_wconf 95' lang='lat' dir='ltr'><strong> </strong></span> 
     </span>
    </p>
   </div>
  </div>
 </body>
</html>
