2446 3944
543 187 784 251 -142-

57 395 59 399 <
165 349 334 416 sulendum
357 351 415 432 est,
437 352 509 412 tum
530 347 567 431 ii,
593 348 648 431 qui
672 347 769 412 armis
792 346 909 431 positis
933 347 974 412 ad
996 347 1176 433 imperato-

164 460 236 503 rum
250 436 346 501 fidem
361 435 557 521 confugient,
573 435 719 518 quamvis
731 457 859 500 murum
870 434 952 500 aries
967 437 1176 522 percusserit,

163 524 346 609 recipiendi.
377 523 418 587 In
431 545 494 606 quo
508 527 679 607 tantopere
694 524 780 607 apud
797 527 928 588 nostros
942 524 1069 588 iustitia
1083 525 1176 590 culta

165 619 223 696 cst,
244 615 282 676 ut
305 611 337 695 ii,
361 611 416 693 qui
438 611 585 676 civitates
609 614 666 676 aut
687 611 836 676 nationes
860 611 1002 677 devictas
1025 612 1115 678 bello
1137 613 1176 679 in

163 701 260 764 fidem
277 700 482 783 recepissent,
501 721 613 764 earum
630 700 761 783 patroni
775 703 883 763 essent
896 721 986 764 more
1000 701 1173 767 maiorum.

112 805 145 854 36
164 788 213 854 Ac
240 787 319 852 belli
352 787 480 870 quidem
513 787 660 870 aequitas
692 787 895 852 sanctissime
925 787 1031 852 fetiali
1057 788 1174 873 populi

164 875 304 941 Romani
329 875 399 939 iure
423 875 603 960 perscripta
626 877 685 939 est.
728 875 780 939 Ex
803 897 866 959 quo
889 875 1038 960 intellegi
1060 881 1173 960 potest

163 964 290 1028 nullum
312 963 435 1027 bellum
458 985 528 1027 esse
551 963 682 1046 iustum,
703 963 768 1027 nisi
787 965 871 1046 quod
893 967 949 1028 aut
967 965 1064 1029 rebus
1082 986 1173 1049 repe-

163 1052 234 1116 titis
264 1055 395 1137 geratur
423 1054 480 1116 aut
507 1051 731 1115 denuntiatum
764 1055 839 1116 ante
869 1051 913 1116 sit
940 1055 973 1116 et
1003 1051 1171 1119 indictum.

165 1139 323 1223 [Popilius
342 1139 519 1223 imperator
537 1139 670 1203 tenebat
688 1139 897 1223 provinciam,
919 1139 954 1204 in
974 1139 1064 1205 cuius
1083 1162 1171 1205 excr-

164 1228 231 1292 citu
249 1226 381 1292 Catonis
399 1227 486 1291 filius
509 1227 573 1291 tiro
597 1227 771 1292 militabat.
807 1225 890 1292 Cum
913 1231 1021 1293 autem
1040 1226 1171 1313 Popilio

163 1315 326 1380 videretur
353 1336 451 1379 unam
479 1314 642 1379 dimittere
669 1314 845 1400 legionem,
876 1313 1011 1380 Catonis
1041 1337 1170 1400 quoque

162 1403 280 1486 filium,
304 1403 360 1486 qui
381 1403 415 1466 in
438 1403 549 1467 cadem
571 1402 700 1488 legione
723 1403 901 1487 militabat,
929 1403 1060 1468 dimisit.
1107 1403 1171 1469 Sed

163 1513 236 1556 cum
260 1511 368 1555 amore
386 1490 553 1576 pugnandi
570 1491 605 1554 in
622 1490 763 1555 exercitu
781 1491 999 1575 remansisset,
1022 1490 1105 1558 Oato
1129 1493 1171 1558 ad

162 1578 327 1664 Popilium
346 1579 484 1663 scripsit,
507 1583 552 1662 ut,
573 1579 602 1642 si
621 1578 837 1662 compatitur
853 1579 889 1643 in
907 1580 1049 1644 exercitu
1067 1601 1170 1645 rema·

161 1688 251 1750 nere,
279 1667 417 1731 secundo
441 1689 513 1730 eum
537 1667 661 1751 obliget
684 1667 821 1731 militiae
849 1672 1065 1750 sacramento,
1093 1669 1170 1752 quia

162 1754 270 1838 priore
293 1755 412 1818 amisso
436 1754 504 1818 iure
523 1777 596 1819 oum
614 1755 763 1819 hostibus
782 1775 927 1841 pugnare
945 1777 1011 1820 non
1028 1759 1168 1839 poterat.

109 1857 143 1907 31
162 1841 253 1905 Adeo
278 1863 404 1905 summa
426 1845 497 1906 crat
520 1842 704 1907 observatio
731 1843 767 1907 in
792 1842 880 1908 bello
907 1844 1088 1925 movendo]
1125 1843 1169 1912 M.

162 1929 292 2014 quidem
319 1927 452 1993 Catonis
480 1930 565 1993 senis
596 1933 646 1994 cst
674 1929 814 2014 epistula
842 1930 883 1995 ad
909 1931 951 1996 M.
982 1931 1101 2016 filium,
1134 1932 1170 1998 in

162 2038 226 2100 qua
244 2017 357 2081 scribit
377 2038 410 2081 11
430 2017 556 2082 audisse
576 2040 649 2081 enm
672 2018 808 2082 missum
825 2018 949 2083 factum
967 2040 1037 2083 esse
1056 2043 1076 2085 a
1094 2042 1167 2085 con·

162 2105 240 2187 11111,
254 2126 326 2168 cum
340 2105 375 2168 in
388 2104 575 2170 Macedonia
587 2105 675 2169 bello
685 2104 814 2171 Persico
830 2107 923 2171 miles
938 2110 1032 2171 esset.
1054 2107 1168 2174 Monet

160 2192 273 2277 igitur,
296 2195 334 2256 ut
356 2195 482 2276 caveat,
508 2215 548 2257 nc
571 2193 731 2278 proelium
753 2193 855 2278 ineat3
884 2199 984 2280 negat
1007 2195 1093 2259 enim
1115 2197 1167 2261 ius

110 2281 239 2363 121111,
263 2280 318 2364 qui
340 2281 434 2344 miles
452 2302 518 2345 non
536 2281 590 2365 sir,
611 2303 684 2346 cum
702 2281 797 2345 hoste
816 2303 971 2368 pugnare.
1006 2282 1167 2367 Equidem

161 2369 260 2432 etiam
286 2368 369 2433 illud
396 2368 630 2453 animadverto,
663 2370 761 2453 quod,
794 2371 850 2454 qui
875 2371 1007 2455 proprio
1035 2372 1167 2437 nomine

159 2450 372 2539 perduellis
397 2460 490 2539 esset,
512 2457 540 2521 is
563 2457 690 2522 hostis
713 2462 892 2541 vocaretur,
916 2458 1051 2523 lenitate
1075 2460 1167 2524 verbi

159 2543 207 2607 rei
228 2543 400 2608 tristitiam
427 2545 621 2630 mitigatam.
665 2545 781 2611 Hostis
809 2546 895 2609 enim
917 2546 1003 2630 apud
1025 2546 1166 2612 maiores

158 2635 289 2697 nostros
304 2632 333 2696 is
348 2632 522 2716 dicebatur,
541 2655 636 2717 quem
654 2655 738 2698 nunc
756 2634 1003 2718 peregrinum
1021 2634 1166 2701 dicimus.

157 2718 307 2785 Indicant
339 2719 505 2785 duodecim
538 2721 683 2785 tabulae:
719 2738 788 2786 AUT
820 2738 948 2786 1111111
979 2738 1061 2787 DIES
1094 2738 1166 2788 cnm

158 2824 283 2891 nosrn,
306 2809 460 2892 itemque:
483 2825 662 2874 1111111111
686 2826 828 2875 nosram
850 2827 1017 2874 1111111111
1034 2826 1166 2877 sucro

158 2913 269 2962 RITAs.
318 2895 401 2971 Quid
433 2895 474 2960 ad
505 2896 588 2961 hanc
624 2897 904 2961 mansuetudinem
936 2897 1010 2962 addi
1045 2901 1166 2984 potest,

159 3005 245 3067 eum,
268 2984 397 3068 quicum
419 2984 542 3048 bellum
566 3005 673 3068 geras,
698 2988 767 3048 tam
790 2987 883 3050 molli
904 2986 1034 3051 nomine
1057 2989 1166 3070 appel·

157 3071 247 3137 lare?
280 3071 483 3156 Quamquam
496 3072 530 3135 id
542 3094 660 3137 nomen
675 3072 785 3136 durius
802 3074 907 3139 effecit
924 3074 990 3138 iarn
1004 3077 1166 3159 vetustas3

159 3181 178 3223 a
199 3161 371 3244 peregrino
395 3160 480 3224 enim
503 3160 636 3224 recessit
659 3163 692 3224 et
714 3161 845 3244 proprie
866 3163 902 3226 in
924 3185 971 3245 eo,
994 3163 1050 3245 qui
1073 3185 1167 3229 arma

105 3261 138 3309 38
158 3250 271 3310 contra
293 3246 402 3331 ferret,
424 3248 588 3313 remansit.
634 3246 716 3313 Oum
739 3271 815 3313 vcro
839 3251 877 3314 de
900 3251 1035 3334 imperio
1059 3250 1167 3316 decer-

157 3337 247 3397 tatur
274 3334 425 3419 belloque
453 3336 620 3419 quaeritur
646 3336 766 3421 gloria,
794 3359 908 3404 causas
935 3338 1066 3404 omnino
1090 3340 1166 3406 sub

157 3442 227 3486 esse
241 3426 352 3486 tamen
366 3428 495 3508 oportet
509 3425 646 3508 easdem,
665 3447 744 3508 quas
764 3424 829 3489 dixi
848 3428 946 3511 paulo
966 3430 1041 3492 ante
1059 3427 1165 3494 iustas

156 3531 271 3575 causas
299 3531 369 3575 csse
396 3512 565 3578 bellorum.
611 3510 674 3578 Sed
701 3535 740 3577 ea
766 3512 869 3599 bella,
896 3516 1011 3599 quibus
1034 3515 1167 3601 imperii

799 3733 826 3766 1
