2446 3944
548 181 788 248 -354-

165 343 347 426 inlustrius3
379 347 415 408 at
445 365 505 409 nos
537 342 691 407 metiendi
716 343 994 428 ratiocinandique
1030 345 1179 411 utilitate

165 432 262 496 huius
287 433 365 496 artis
387 431 632 495 terminavimus
655 431 795 495 modum.

125 517 147 580 3
232 518 278 583 At
296 522 409 585 contra
434 518 596 584 oratorem
619 519 947 601 celeritercomplexi
970 542 1090 602 sumus,
1113 542 1177 585 nec

167 629 239 671 eum
258 607 363 690 primo
382 607 555 688 eruditum,
576 610 688 690 aptum
706 609 816 675 tamen
834 607 874 671 ad
892 607 1060 672 dicendum
1066 658 1076 690 ,
1098 613 1177 690 post

166 699 275 759 eutem
298 694 467 759 eruditum.
510 693 597 759 Nam
619 693 771 776 Galbam,
798 693 1001 778 Africanum,
1024 694 1175 760 Laelium

166 783 278 847 doctos
300 782 401 846 fuisse
419 783 574 846 traditum
592 784 655 864 est,
678 781 858 846 studiosum
879 787 988 846 autem
1007 804 1094 865 eum,
1119 785 1176 867 qui

165 871 206 935 iis
226 873 331 934 aetate
349 870 507 952 anteibat,
530 867 699 953 Catonem,
717 873 794 953 post
813 891 890 934 vero
909 869 1077 953 Lepidum,
1097 869 1174 936 Oar-

165 958 293 1040 bonem,
306 957 478 1042 Gracchos,
494 958 569 1021 inde
587 958 634 1021 ita
648 977 783 1040 magnos
801 960 948 1022 nostram
964 958 1005 1022 ad
1024 960 1174 1041 aetatem,

10 1092 45 1101 5-
76 1083 80 1087 ·
164 1048 293 1109 utnon
321 1046 458 1109 multum
488 1048 543 1109 aut
569 1044 651 1108 nihil
680 1045 811 1111 omnino
839 1043 971 1109 Graecis
998 1045 1173 1112 cederetur.

165 1132 376 1216 Philosophia
402 1132 502 1197 iacuit
523 1154 624 1215 usque
648 1131 689 1196 ad
711 1132 796 1197 hanc
819 1136 961 1197 aetatem
982 1154 1042 1198 nec
1068 1135 1174 1198 ullum

165 1221 282 1285 habuit
303 1221 413 1284 lumen
435 1221 618 1284 litterarum
636 1218 838 1302 Latinarum
863 1242 945 1304 quae
968 1220 1175 1286 inlustranda

166 1312 199 1373 et
222 1309 390 1372 excitanda
411 1307 508 1372 nobis
531 1310 594 1390 est,
616 1311 666 1391 ut,
689 1309 718 1371 si
740 1309 889 1390 occupati
910 1308 1090 1392 profuimus
1115 1310 1175 1374 ali-

166 1397 243 1480 quid
274 1396 397 1460 civibus
428 1395 563 1477 nostris,
591 1395 753 1479 prosimus
786 1396 899 1478 etiam,
931 1397 960 1459 si
990 1418 1174 1481 possumus,

130 1484 273 1553 octiosi.
309 1483 345 1548 In
371 1504 434 1566 quo
453 1504 490 1547 eo
511 1483 615 1567 magis
637 1483 732 1548 nobis
755 1487 805 1547 est
828 1484 1067 1566 elaborandum,
1087 1485 1174 1568 quod

165 1572 261 1636 multi
281 1571 348 1635 iam
370 1592 440 1635 esse
462 1570 539 1634 libri
560 1570 670 1634 Latini
693 1570 843 1636 dicuntur
861 1571 974 1654 scripti
992 1572 1174 1636 inconside-

165 1664 235 1724 rate
259 1659 300 1723 ab
325 1658 456 1742 optimis
478 1658 546 1723 illis
570 1659 700 1742 quidem
720 1659 797 1723 viris
803 1709 812 1741 ,
835 1658 891 1722 sed
912 1660 1078 1723 nonsatis
1102 1681 1174 1726 eru-

165 1747 251 1811 ditis.
287 1745 373 1810 Fieri
397 1750 504 1810 autem
528 1749 649 1829 potest,
671 1749 709 1809 ut
729 1750 816 1810 recte
834 1747 906 1830 quis
930 1747 1051 1810 sentiat
1074 1751 1107 1811 et
1129 1749 1172 1827 id,

165 1833 250 1918 quod
278 1834 388 1915 sentit,
419 1833 521 1917 polite
549 1833 658 1916 eloqui
683 1855 750 1898 non
781 1834 898 1919 possit,
931 1833 988 1898 sad
1018 1836 1172 1899 mandare

165 1942 357 2005 quemquam
393 1920 511 1985 litteris
548 1920 762 2004 oogItationes
800 1943 889 2005 suaS,
930 1923 985 2005 qui
1022 1943 1076 1986 eas
1113 1944 1173 1987 nec

166 2008 335 2091 disponere
352 2029 412 2072 nec
429 2009 602 2072 inlustrare
621 2008 727 2091 possit
744 2030 804 2073 nec
826 2009 1039 2073 delectatione
1063 2010 1172 2093 aliqua

166 2096 293 2160 allicere
315 2096 482 2178 lectorem,
504 2095 645 2160 hominis
668 2099 719 2159 est
736 2096 989 2179 intemperanter
1007 2097 1172 2161 abutentis

166 2186 199 2246 et
221 2183 289 2247 otio
313 2185 346 2247 et
368 2183 496 2247 litteris.
530 2182 645 2266 Itaque
663 2205 739 2248 suos
760 2184 861 2248 libros
880 2183 944 2268 ipsi
962 2185 1075 2268 legunt
1098 2205 1173 2249 cunr

158 2271 247 2354 suis,
273 2292 333 2334 nec
360 2270 531 2354 quisquam
553 2271 688 2355 attingit
710 2275 838 2356 praeter
861 2293 929 2354 eos,
957 2273 1013 2355 qui
1036 2274 1173 2336 eandem

118 2389 122 2396 ·
165 2358 329 2422 licentiam
362 2358 523 2422 scribendi
554 2358 618 2422 sibi
649 2360 794 2442 permitti
825 2361 946 2436 volunt.
1006 2358 1112 2434 Quare
1145 2362 1174 2425 si

166 2444 287 2529 aliquid
321 2446 480 2509 oratoriae
513 2446 618 2510 laudis
652 2451 766 2512 nostra
801 2447 971 2512 attulimus
1003 2446 1174 2527 industria,

166 2533 269 2597 multo
307 2533 482 2598 studiosius
519 2534 747 2617 philosophiae
782 2534 885 2599 fontis
922 2534 1117 2619 aperiemus,
1156 2557 1174 2600 e

125 2620 284 2739 4quibus
307 2621 406 2685 etiam
427 2620 485 2685 illa
507 2622 691 2686 manabant.

132 2754 147 2802 7
234 2706 297 2773 Sed
323 2712 359 2772 ut
386 2708 593 2792 Aristotelea,
621 2709 671 2774 vir
698 2730 824 2774 summo
851 2709 994 2794 ingenio,
1027 2710 1174 2794 scientia,

167 2796 275 2879 copia,
311 2818 384 2861 curn
418 2798 526 2861 motus
563 2800 649 2860 esset
690 2796 845 2862 Isocratis
881 2797 1021 2862 rhetoris
1059 2799 1174 2882 gloria,

166 2883 271 2960 dicere
293 2885 395 2948 docere
417 2883 515 2948 etiam
539 2884 645 2968 coepit
668 2884 885 2949 adulescentes
909 2888 942 2948 et
966 2884 1174 2969 prudentiam

167 2993 239 3035 cum
258 2971 440 3054 eloquentia
457 2972 603 3056 iungere,
622 2972 667 3036 sic
684 2972 780 3036 nobis
797 2973 903 3057 placet
920 2993 980 3037 nco
999 2973 1174 3057 pristinum

166 3058 293 3123 dicendi
312 3059 452 3123 studium
471 3058 630 3142 deponere
649 3063 682 3123 et
700 3060 736 3124 in
753 3060 815 3123 hac
833 3060 954 3125 maiore
974 3064 1007 3123 11
1024 3061 1175 3126 uberiore

167 3150 236 3213 arte
271 3147 402 3211 versari.
459 3145 553 3211 Hanc
590 3146 676 3211 enim
716 3147 893 3231 perfectam
932 3147 1175 3232 philosophiam

167 3255 294 3315 semper
338 3234 491 3318 iudicavi,
536 3256 617 3318 quae
658 3234 697 3298 de
737 3235 886 3299 maximis
928 3236 1175 3319 quaestionibus

167 3322 296 3404 copiose
319 3325 429 3404 posset
451 3324 626 3406 ornateque
650 3322 768 3407 dicere,
789 3323 825 3388 in
847 3345 944 3408 quam
970 3325 1174 3390 exercitatio·

165 3428 241 3470 nem
264 3408 311 3471 ita
333 3430 392 3473 nos
417 3410 558 3474 studiose
587 3409 744 3493 dedimus,
771 3414 807 3474 ut
833 3411 899 3476 iam
922 3411 1021 3476 etiam
1045 3411 1176 3477 scholas

141 3492 363 3560 Ι(1111111111
390 3519 479 3562 more
505 3497 625 3562 habere
653 3498 856 3583 auderemus;
887 3503 925 3564 ut
950 3520 1060 3583 nuper·
1081 3504 1176 3565 tuum

56 3622 167 3726 5
