2446 3944
447 191 688 256 ..245-

63 380 136 423 cum
155 359 241 422 esset
260 356 348 422 aliud
368 357 566 441 simulatum,
588 357 677 422 aliud
699 361 819 423 actum
850 356 923 424 Hoc
941 358 1071 442 quidem

64 467 140 510 sane
164 445 325 509 luculente
352 448 390 509 ut
417 447 459 509 ab
482 445 612 511 homine
634 445 740 530 perito
764 444 944 511 definiendi.
979 445 1069 533 Ergo

64 538 98 598 et
119 532 256 615 Pythius
280 537 313 598 et
336 554 447 597 omnes
471 532 559 598 aliud
587 555 607 598 a
631 535 735 618 entes,
763 534 853 597 aliud
879 534 1069 600 simulantes

64 621 187 706 perfidi,
208 621 359 705 improbi,
381 621 546 687 malitiosi.
623 622 727 686 ullum
748 622 851 706 igitur
873 643 984 686 eorum
1006 623 1070 687 fac-

63 714 134 773 tum
156 712 266 793 potest
288 709 368 773 utile
391 731 476 793 esse,
503 731 576 774 cum
604 709 647 772 sit
669 713 721 773 tot
743 709 833 774 vitiis
855 709 1069 794 inquinatum.

130 795 253 872 Quodsi
274 795 451 880 Aquiliana
473 796 617 861 definitio
639 819 718 861 vera
739 801 805 880 est,
828 819 867 861 ex
890 798 979 862 omni
1001 798 1070 864 vita
1082 769 1123 895 165}

64 885 230 950 simulatio
262 884 542 968 dissimulatioque
571 885 716 949 tollenda
744 888 802 948 est.
846 883 913 968 Ita,
944 907 1002 951 nec
1033 889 1070 950 ut

66 977 152 1036 emat
179 972 293 1036 melius
320 994 379 1038 nec
405 975 443 1036 ut
465 973 597 1056 vendat,
627 972 798 1056 quicquam
822 973 991 1038 simulabit
1014 977 1072 1038 aut

66 1060 284 1124 dissimulabit
310 1060 360 1125 vir
394 1060 508 1124 bonus.
552 1058 656 1144 Atqui
686 1061 749 1125 iste
781 1061 874 1124 dolus
901 1063 1007 1125 malus
1038 1065 1071 1124 et

65 1148 192 1234 legibus
216 1152 286 1212 erat
308 1147 499 1231 vindicatus,
521 1151 559 1212 ut
575 1149 610 1212 in
630 1149 736 1213 tutela
753 1147 920 1213 duodecim
938 1149 1071 1232 tabulis,

64 1236 318 1319 circumscriptio
347 1236 599 1300 adulescentium
627 1236 700 1322 lege
726 1235 904 1320 Plaetoria,
937 1241 969 1300 et
1002 1237 1070 1300 sine

64 1325 137 1410 lege
159 1324 296 1408 iudiciis,
317 1325 352 1387 in
374 1323 491 1407 quibus
514 1324 644 1388 additur
666 1342 714 1387 nx
738 1341 821 1388 ΗΒΕ
844 1341 947 1389 BONA.
984 1323 1071 1388 Reli-

64 1433 202 1495 quorum
229 1417 338 1477 autem
362 1411 553 1477 iudiciorum
575 1411 655 1485 haec
676 1412 777 1476 verba
803 1412 943 1476 maxime
971 1412 1071 1477 excel-

65 1501 149 1563 lunt:
171 1500 206 1564 in
229 1499 365 1564 arbitrio
388 1500 436 1563 rei
458 1500 589 1564 uxoriae
609 1516 736 1564 namus
755 1517 913 1582 AEQUIUS,
935 1499 971 1563 in
991 1499 1071 1564 fidu·

66 1588 116 1652 cia
136 1605 181 1652 ur
204 1605 310 1652 mena
331 1605 444 1654 aoros
462 1605 556 1652 saun
575 1603 691 1652 larua.
728 1586 811 1662 Quid
834 1588 934 1673 ergo?
957 1591 1014 1652 aut
1036 1588 1071 1652 in

66 1697 113 1760 eo,
130 1693 225 1753 ouon
239 1692 367 1741 namus
382 1692 540 1758 luemus,
557 1677 667 1759 potest
686 1674 754 1739 ulla
767 1697 843 1759 pars
862 1675 968 1740 inesse
985 1675 1070 1739 frau-

66 1763 137 1828 dis?
161 1767 226 1845 aut,
249 1785 321 1828 cum
345 1763 462 1828 dicitur
481 1780 587 1827 iuras
604 1779 719 1828 aoros
737 1781 828 1827 aare
846 1779 962 1847 amna,
985 1763 1071 1847 quic-

66 1873 163 1935 quam
186 1851 241 1936 agi
264 1852 375 1916 dolose
398 1855 455 1915 aut
477 1850 639 1915 malitiose
662 1851 793 1934 potest?
833 1850 938 1916 Dolus
962 1855 1071 1916 autem

66 1938 172 2002 malus
190 1939 225 2003 in
243 1938 457 2022 simulatione,
479 1943 516 2002 ut
535 1938 582 2003 ait
595 1937 754 2022 Aquilius,
773 1939 964 2003 continetur.
997 1938 1070 2003 Tol·

66 2027 197 2090 lendum
225 2030 275 2091 est
301 2027 403 2110 igitur
430 2049 468 2092 ex
495 2027 592 2091 rebus
620 2026 848 2091 contrahendis
870 2049 965 2092 omne
984 2048 1071 2091 men-

66 2114 205 2197 dacium3
233 2136 300 2179 non
321 2114 552 2179 inlicitatorem
578 2114 741 2197 venditor,
767 2136 847 2198 non,
875 2114 930 2199 qui
958 2117 1072 2180 contra

66 2224 100 2266 se
114 2202 259 2285 liceatur,
278 2206 406 2287 emptor
424 2207 578 2287 apponet3
596 2206 741 2286 uterque,
759 2202 787 2267 si
802 2203 843 2267 ad
857 2203 1071 2286 eloquendum

64 2289 203 2372 venerit,
229 2311 296 2353 non
318 2291 393 2373 plus
416 2312 513 2374 quam
536 2291 637 2355 semel
660 2291 836 2375 eloquetur.
882 2289 918 2365 Q.
941 2290 1070 2374 quidem
1089 2307 1123 2357 oa

66 2375 221 2441 Scaevola
242 2376 277 2440 P.
299 2377 331 2460 f,
353 2399 426 2442 cum
448 2379 661 2463 postulasset,
682 2382 720 2442 ut
742 2378 806 2442 sibi
827 2377 959 2462 fundus,
982 2377 1071 2443 cuius

67 2468 194 2549 emptor
217 2468 300 2547 erat,
330 2467 430 2530 semel
452 2465 648 2531 indicaretur
669 2465 765 2548 idque
787 2465 936 2529 venditor
958 2465 1007 2529 ita
1028 2465 1072 2529 fe·
1158 2546 1160 2550 .

66 2552 172 2635 cisset,
196 2552 277 2615 dixit
295 2573 329 2616 se
347 2553 451 2636 pluris
465 2556 661 2635 aestumare;
683 2552 806 2616 addidit
824 2556 953 2617 centum
972 2552 1071 2616 milia.

65 2638 170 2704 Nemo
199 2643 261 2719 est,
292 2640 347 2740 qui
368 2639 431 2740 hoc
458 2640 520 2705 viri
546 2641 624 2704 boni
650 2640 751 2739 fuisse¹
776 2644 887 2725 neget,
915 2640 1071 2739 sapientis

65 2730 280 2899 litut
297 2749 630 2900 {Sulluctu
645 2730 835 2899 ,utilit
851 2726 1072 2896 stilis&

67 2902 230 2986 sapientes
258 2902 453 2967 existimant.
498 2902 548 2967 Ex
578 2925 641 2986 quo
668 2901 793 2965 Ennius
826 2901 1074 2985 ‘nequiquam

67 3011 202 3073 sapere
230 2991 458 3074 sapientem,
488 2991 552 3074 qui
578 2991 661 3075 ipse
689 2989 765 3054 sibi
792 2989 975 3074 prodesse
998 3009 1075 3052 non

67 3076 214 3160 quiret?
260 3077 344 3142 Vere
371 3078 404 3141 id
431 3078 573 3163 quidem,
601 3079 642 3161 si,
670 3077 747 3162 quid
774 3081 860 3141 esset
887 3075 1072 3160 ‘prodesse',

66 3164 147 3228 mihi
170 3187 243 3230 cum
260 3165 367 3230 Ennio
387 3167 580 3231 conveniret.
615 3164 815 3231 Hecatonem
839 3164 967 3248 quidem
986 3163 1071 3228 Rho·
1090 3181 1123 3229 63

67 3251 168 3335 dium,
193 3253 385 3337 discipulum
408 3253 559 3338 Panaeti,
581 3254 673 3320 video
695 3253 731 3317 in
748 3253 788 3317 iis
808 3253 909 3336 libris,
933 3275 1013 3336 quos
1034 3254 1072 3317 de

67 3339 174 3405 officio
204 3341 333 3425 scripsit
361 3339 397 3416 Q.
420 3341 602 3428 Tuberoni,
623 3342 727 3407 dicere
755 3340 960 3425 ‘sapientis
989 3362 1072 3404 esse

66 3428 166 3491 nihil
190 3432 325 3493 contra
348 3451 485 3514 mores,
508 3431 629 3516 leges,
655 3429 843 3494 instituta
864 3429 1072 3494 facientem

65 3515 209 3581 habere
241 3516 431 3582 rationem
462 3517 518 3582 rei
549 3517 767 3582 familiaris.
812 3515 943 3601 Neque
974 3517 1072 3580 enim
