2446 3944
536 173 777 240 -298-

150 348 337 414 diuturnum
361 346 489 431 quidem
513 345 685 430 quicquam
708 345 853 430 videtur,
882 345 1004 431 inquo
1028 349 1079 411 est
1104 347 1164 412 ali·

150 435 228 520 quid
246 437 434 499 extremum.
470 432 552 499 Cum
566 434 653 498 enim
666 433 700 498 id
714 433 854 517 advenit,
830 437 944 498 ttum
962 434 1053 517 illud,
1073 435 1164 518 quod

148 522 331 607 praeteriit,
359 522 496 606 effluxit3
525 525 655 586 tantum
681 525 840 605 remanet,
868 521 964 611 quod
981 485 1104 587 virtirte
1129 527 1163 587 et

149 614 235 675 recte
262 609 359 675 factis
387 613 577 676 consecutus
606 610 663 693 sis3
696 610 796 674 horae
824 605 964 693 quidem
981 610 1099 675 cedunt
1129 614 1163 676 et

150 697 217 762 dies
241 701 275 763 et
296 720 423 763 menses
446 701 479 762 et
503 697 592 781 anni,
618 719 678 762 nec
704 697 918 847 praeteritum
939 702 1068 781 tempus
1091 720 1162 763 um

150 807 247 870 quam
265 786 448 870 revertitur,
465 807 534 870 nec,
558 785 636 869 quid
654 788 768 869 sequat
769 808 816 868 ur,
835 785 910 850 sciri
927 789 985 870 pot
987 789 1049 849 est·
1042 834 1049 868 ,
1073 786 1162 869 quod

150 875 264 958 cuique
290 874 448 958 temporis
477 873 518 938 ad
544 873 718 938 vivendum
750 873 858 958 datur,
892 895 929 937 eo
960 873 1057 937 debet
1089 896 1163 939 esse

98 979 132 1028 ιο
150 965 330 1028 contentus.
383 960 496 1045 Neque
529 961 616 1025 enim
646 961 812 1044 histrioni,
848 964 886 1024 ut
916 961 1058 1045 placeat,
1089 984 1164 1046 per-

150 1049 275 1135 agenda
297 1049 411 1115 fabula
433 1052 496 1132 est,
523 1048 634 1133 modu,
664 1049 699 1112 in
726 1070 926 1132 quocumque
947 1048 1047 1113 tuerit
1076 1053 1163 1134 actu,

149 1138 318 1223 probetur,
344 1159 449 1221 neque
476 1136 616 1221 sapienti
642 1157 744 1220 usque
772 1137 813 1201 ad
836 1136 1008 1201 ‘Plaudite’
1030 1137 1162 1202 venien-

151 1226 227 1290 dum
255 1228 313 1289 est.
358 1225 462 1289 Breve
490 1224 576 1289 enirn
603 1227 730 1307 tempus
759 1225 877 1288 aetatis
910 1224 990 1288 satis
1023 1225 1164 1310 longum

151 1318 200 1378 est
186 1313 264 1377 tad
282 1313 363 1376 bene
384 1313 501 1376 honest
487 1316 582 1396 teque
600 1311 786 1395 vivendum3
810 1312 861 1376 sin
878 1312 1073 1396 processerit
1092 1314 1163 1378 lon-

150 1402 233 1486 gius,
253 1422 321 1465 non
342 1400 449 1485 magis
472 1399 645 1465 dolendum
668 1403 727 1483 est,
750 1422 848 1483 quam
867 1400 1029 1485 agricolae
1048 1401 1163 1467 dolent

149 1489 328 1575 praeterita
308 1488 446 1552 vaerni
473 1488 630 1573 temporis
658 1488 819 1552 suavitate
848 1491 1007 1552 aestatem
1034 1492 1163 1554 autum·

148 1597 290 1659 numque
321 1576 456 1640 venisse.
501 1575 568 1640 Ver
596 1575 680 1639 enim
710 1579 878 1658 tamquam
905 1574 1162 1642 adulescentiam

151 1664 314 1749 significat
342 1662 547 1747 ostenditque
574 1663 698 1727 fructus
725 1662 777 1726 fut
763 1666 867 1747 turos,
896 1664 1022 1747 reliqua
1049 1668 1162 1730 autem

150 1755 298 1836 tempora
326 1751 523 1815 demetendis
550 1749 709 1814 fructibus
738 1753 771 1814 et
797 1751 1010 1837 percipiendis
1036 1773 1164 1818 accom-

97 1854 130 1903 ιι
150 1839 282 1903 mndata
305 1841 390 1902 sunt.
429 1838 567 1902 Fructus
591 1840 699 1902 autem
723 1838 898 1904 senectutis
921 1843 979 1922 est,
1001 1842 1039 1902 ut
1062 1861 1162 1924 saepe

151 1926 225 2009 dixi,
245 1929 319 1990 ante
332 1928 502 2009 partorum
517 1925 677 1990 bonorum
691 1927 847 1991 memoria
861 1930 893 1990 et
907 1927 1008 2010 copia.
1041 1925 1163 1994 Omnia

150 2017 272 2097 autem,
301 2034 382 2097 quae
410 2011 584 2077 secundum
609 2016 761 2078 naturam
784 2015 880 2097 fiunt,
910 2016 985 2077 sunt
1007 2013 1163 2082 habenda

148 2101 185 2165 in
211 2101 313 2165 bonis.
364 2098 447 2174 Quid
462 2125 463 2129 ¹
477 2102 528 2163 est
559 2103 667 2164 autem
698 2104 768 2165 tam
801 2100 975 2166 secundum
1004 2106 1162 2169 naturam

150 2211 246 2273 quam
267 2186 396 2251 senibus
416 2187 538 2252 emori?
562 2187 647 2271 quod
664 2188 750 2253 idem
768 2189 929 2275 contingit
948 2189 1163 2256 adulescenti-

148 2276 210 2341 bus
234 2276 425 2340 adversante
449 2278 482 2338 et
508 2279 710 2360 repugnante
736 2280 862 2341 natura.
908 2275 1023 2361 Itaque
1050 2278 1162 2344 adule

149 2367 239 2429 scent
240 2386 274 2428 es
225 2363 379 2427 tmihi
402 2362 485 2427 mori
508 2362 553 2427 sic
575 2362 738 2448 videntur,
767 2369 805 2429 ut
828 2387 901 2430 cum
924 2387 1026 2449 aquae
1048 2368 1163 2432 multi·

148 2452 259 2517 tudine
286 2452 436 2516 flammae
462 2450 512 2515 vis
540 2451 747 2536 opprimitur,
777 2474 868 2517 senes
897 2457 1005 2518 autem
1034 2454 1094 2556 sic,
1121 2460 1162 2520 ut

149 2562 221 2605 cum
251 2561 309 2604 sua
337 2542 453 2623 sponte
420 2539 572 2603 tnulla
600 2539 746 2604 adhibita
771 2541 805 2605 ιι
832 2543 1080 2626 consumptus
1070 2544 1161 2628 ignis

150 2627 362 2728 extinguitur3
395 2629 428 2690 et
460 2626 553 2709 quasi
584 2648 682 2711 poma
713 2650 752 2692 ex
784 2629 969 2712 arboribus,
1001 2629 1100 2695 cruda
1131 2632 1162 2696 si

150 2718 234 2798 sunt,
256 2715 312 2781 ιιι
334 2715 526 2797 evelluntur,
549 2713 578 2777 si
600 2717 729 2779 matura
752 2720 785 2781 et
805 2720 905 2799 cocta,
929 2716 1116 2802 decidunt,
1111 2720 1161 2786 sic

148 2803 251 2868 vitam
284 2801 542 2866 adulescentibus
574 2801 625 2866 vis
657 2803 775 2887 aufert,
807 2767 938 2868 senibirs
970 2768 1161 2907 maturitas3

150 2913 232 2974 quae
255 2889 383 2974 quidem
408 2887 489 2952 mihi
510 2891 580 2953 tam
602 2882 740 2955 incunda
763 2895 826 2976 est,
853 2895 903 2976 ut,
935 2915 998 2977 quo
1022 2895 1160 2979 propius

149 2979 190 3043 ad
213 2982 352 3043 mortem
375 2976 537 3060 accedam,
567 2977 661 3060 quasi
687 2982 809 3043 terram
836 2980 944 3044 videre
967 2980 1078 3045 videar
1101 2983 1161 3046 ali·

95 3064 374 3217 2Οἱιιιιιιιιιοιιέιιι
360 3086 410 3216 qn
421 3027 615 3217 qogturirteex
638 3066 738 3218 lonlpa
759 3067 969 3219 naligaffiffi'e
989 3090 1084 3219 psse·
1083 3093 1161 3135 ven-

96 3206 129 3256 ⁷²
148 3176 325 3324 rlelduesque
316 3175 359 3305 ieri1
369 3156 560 3320 dauvimtiri,
580 3175 690 3325 {lucil
707 3176 824 3307 dialis
848 3177 1161 3328 ‹illiciisexbblildimest

147 3328 232 3390 tueri
259 3329 363 3410 possit
388 3331 603 3414 [mortemque
631 3333 863 3413 contemnere]3
892 3352 930 3394 ex
954 3353 1017 3415 quo
1040 3332 1093 3417 fit,
1120 3337 1160 3400 ut

147 3414 325 3480 animosior
341 3416 440 3481 etiam
459 3420 606 3482 senectus
626 3417 670 3481 sit
688 3440 785 3502 quam
804 3379 1022 3484 odilescentia
1041 3423 1074 3483 et
1092 3420 1161 3486 for·

61 3466 221 3719 *ri
256 3502 328 3569 Hoc
351 3504 506 3569 illudt
456 3508 515 3584 est,
539 3505 626 3585 quod
641 3504 743 3570 Pisist
729 3509 816 3572 trato
835 3510 975 3594 tyranno
998 3528 1019 3573 a
1037 3504 1161 3577 Solone
