2446 3944
483 198 723 264 -180-

103 362 243 446 undique
266 366 444 447 apportans
467 363 643 447 multisque
667 363 737 428 sine
759 363 904 428 vanitate
922 363 1110 450 inpertiens,

102 473 169 516 non
192 455 242 515 est
260 450 434 515 admodum
451 450 672 535 vituperanda,
696 451 920 535 atque-etiam,
942 452 971 515 si
989 453 1110 517 satiata

104 542 240 622 quaestu
263 539 316 604 vel
338 541 491 603 contenta
512 538 632 623 potius,
653 542 692 604 ut
715 561 810 623 saepe
830 561 868 603 ex
887 540 955 604 alto
977 539 1012 604 in
1034 562 1109 625 por-

103 630 187 710 tum,
215 649 254 690 ex
276 626 348 710 ipso
376 629 475 711 portu
497 647 531 689 se
553 625 589 688 in
611 647 707 712 agros
730 626 1014 710 possessionesque
1037 650 1109 693 oon-

102 715 193 799 tulit,
224 714 353 778 videtur
383 715 452 778 iure
485 713 609 798 optimo
641 734 736 799 posse
768 714 902 778 laudari.
957 714 1109 780 Omnium

104 805 212 867 autem
234 823 356 885 rerum,
383 824 422 865 ex
445 801 561 884 quibus
584 801 707 885 aliquid
730 801 924 884 adquiritur,
951 802 1035 866 nihil
1060 807 1109 868 est

102 890 324 1042 {gri.⁰¹²stlli{a
348 889 743 1040 medius'·nihssdUberius'
765 888 847 989 nihil
871 888 1010 1042 dulcius&
1026 891 1109 1042 rpihil

127 1000 233 1042 omme
276 998 366 1042 raro
489 999 540 1040 us·
595 998 612 1041 e
666 999 708 1041 ua
762 998 892 1041 uonram
923 999 958 1041 m
1013 1001 1108 1043 aone

103 1066 225 1130 maiore
249 1065 329 1129 satis
352 997 929 1148 mntimdnimus,illimqasumes,
958 1087 1040 1148 quae
1067 1067 1109 1130 ad

103 1154 190 1218 hunc
212 1153 321 1218 locum
342 1153 562 1237 pertinebunt.

50 1211 102 1338 ‘11532
170 1239 234 1305 Sed
257 1242 298 1305 ab
321 1241 361 1305 iis
388 1241 551 1326 partibus,
578 1262 660 1324 quae
688 1243 764 1304 sunt
790 1239 984 1322 honestatis,
1013 1263 1109 1325 quem

104 1329 146 1394 ad
167 1329 299 1394 modum
322 1328 429 1394 officia
451 1329 651 1412 ducerentur,
674 1328 754 1392 satis
773 1327 953 1411 expositum
972 1327 1107 1392 videtur.

102 1417 226 1484 Eorum
249 1420 356 1481 autem
379 1417 533 1501 ipsorum,
556 1437 638 1500 quae
660 1415 798 1480 honesta
820 1418 905 1498 sunt,
929 1418 1038 1499 potest
1060 1415 1107 1478 in-

102 1506 208 1571 cidere
227 1527 322 1590 saepe
340 1505 505 1570 contentio
524 1507 556 1568 et
575 1503 784 1589 comparatio,
806 1502 845 1566 de
864 1502 987 1566 duobus
1010 1503 1107 1566 hone-

104 1594 164 1658 stis
186 1597 296 1658 utrum
318 1592 501 1676 honestius,
530 1592 586 1675 qui
613 1592 703 1657 locus
726 1614 746 1656 a
767 1591 922 1655 Panaetio
946 1594 996 1655 est
1018 1613 1108 1675 prae-

103 1681 281 1746 termissus.
317 1679 403 1745 Nam
418 1702 490 1744 cum
510 1680 614 1744 omnis
632 1677 786 1743 honestas
801 1683 945 1743 maneta
959 1679 1108 1763 partibus

104 1772 267 1852 quattuor,
290 1789 427 1851 quarum
445 1789 510 1831 una
528 1767 571 1829 sit
590 1766 794 1852 cognitionis,
812 1767 917 1830 altera
935 1767 1108 1831 communi-

102 1855 191 1936 tatis,
210 1854 308 1917 tertia
326 1853 615 1938 magnanimitatis,
634 1857 751 1936 quarta
769 1853 1008 1937 moderationis,
1028 1854 1108 1919 haec

16 1998 23 2027 ,
102 1942 137 2005 in
164 1940 334 2026 deligendo
362 1940 469 2005 officio
497 1961 592 2024 saepe
619 1940 705 2003 inter
733 1961 769 2002 se
796 1944 1024 2024 comparentur
1054 1963 1108 2005 ne-

52 2045 205 2096 11111111
237 2030 295 2091 111.
348 2026 461 2091 Placet
492 2026 594 2111 igitur
625 2025 753 2109 aptiora
789 2047 860 2089 esse
896 2030 1032 2090 naturae
1070 2051 1109 2093 ea

103 2115 219 2197 officia,
242 2135 322 2197 quae
342 2134 381 2177 ax
399 2112 639 2194 communitate,
662 2133 759 2193 quam
774 2134 820 2194 ea,
841 2134 923 2196 quae
942 2134 981 2176 ex
1000 2115 1108 2198 cogni-

101 2202 190 2266 tione
209 2201 374 2280 ducantur,
391 2200 487 2282 idque
505 2199 567 2262 hoc
581 2201 772 2282 argumento
787 2200 970 2264 confirmari
988 2205 1108 2287 potest,

102 2287 196 2372 quod,
219 2287 247 2350 si
270 2287 444 2370 contigerit
468 2307 505 2350 ea
524 2285 594 2349 vita
612 2285 759 2369 sapienti,
781 2290 819 2350 ut
838 2287 981 2351 omnium
999 2311 1108 2354 rerum

102 2373 309 2440 affluentibus
333 2373 433 2457 copiis
458 2373 632 2456 [quamvis]
663 2374 784 2459 omnia,
812 2395 894 2457 quae
922 2376 1108 2461 cognitione

101 2461 201 2546 digna
223 2461 297 2543 sint,
320 2482 446 2525 summo
470 2460 538 2525 otio
562 2482 670 2525 secum
691 2460 762 2546 ipse
785 2462 965 2526 consideret
984 2469 1017 2527 et
1036 2486 1109 2529 con-

101 2549 289 2631 templetur,
316 2551 440 2632 tamen,
468 2548 497 2612 si
519 2548 661 2613 solitudo
684 2552 779 2613 tanta
801 2549 858 2633 sit,
883 2554 920 2613 ut
942 2550 1109 2621 hominem

101 2635 209 2700 videre
223 2656 289 2699 non
306 2636 421 2720 possit,
440 2636 572 2700 excedat
590 2659 607 2700 e
625 2636 701 2702 vita.
733 2636 950 2723 Princepsque
964 2639 1109 2704 omnium
1168 2686 1171 2690 -

101 2723 259 2789 virtutum
272 2724 331 2788 illa
346 2724 514 2809 sapientia,
533 2746 630 2808 quam
647 2727 771 2808 σοφίαν
786 2724 902 2791 Graeci
920 2731 1046 2811 vocant,
1064 2765 1109 2774 -

101 2811 305 2896 prudentiam
325 2812 420 2894 enim,
439 2833 537 2895 quam
551 2811 666 2876 Graeci
684 2809 852 2896 φρόνησιν
871 2814 990 2897 dieunt,
1009 2816 1109 2880 aliam

102 2899 264 2982 quandam
286 2899 520 2984 intellegimus,
548 2921 630 2982 quac
653 2903 703 2963 est
724 2921 833 2964 rerum
857 2902 1108 2985 expetendarum

100 2986 390 3070 fugiendarumque
414 2986 561 3070 seientia3
587 2987 647 3051 illa
672 2990 780 3050 autem
810 2988 983 3072 sapientia,
1012 3011 1109 3074 quam

102 3074 280 3158 prinoipem
309 3074 387 3157 dixi,
414 3095 522 3138 rerum
549 3077 600 3138 111
628 3074 810 3139 divinarum
836 3079 870 3139 et
894 3076 1111 3142 humanarum

103 3161 251 3245 scientia,
273 3162 309 3224 in
332 3183 396 3244 qua
419 3161 601 3226 continetur
624 3161 757 3226 deorum
780 3166 812 3226 et
834 3163 1003 3228 hominum
1025 3187 1110 3229 com·

103 3249 246 3312 munitas
270 3251 302 3311 et
326 3248 463 3313 societas
486 3249 572 3312 inter
594 3249 697 3333 ipsos3
719 3271 758 3313 ea
780 3250 809 3312 si
827 3251 968 3316 maxima
992 3255 1050 3335 est,
1072 3256 1110 3317 ut

104 3337 154 3398 est
182 3338 281 3417 certe,
307 3356 437 3401 necesse
465 3340 528 3419 est,
556 3337 641 3420 quod
668 3360 688 3401 a
715 3338 946 3403 communitate
974 3339 1109 3404 ducatur

104 3421 256 3504 officium,
279 3422 312 3486 id
335 3445 405 3487 esse
428 3424 613 3488 maximum.
649 3424 781 3489 Etenim
803 3426 946 3512 cognitio
970 3431 1111 3493 contem·

28 3476 271 3703 Ἶ11111111
285 3514 421 3575 naturae
435 3533 550 3576 manca
568 3512 708 3596 quodam
726 3513 822 3578 modo
842 3517 939 3599 atque
956 3515 1111 3581 inchoata
