2446 3944
465 164 704 230 -407-

84 325 274 408 accepimus.
309 325 383 389 Iure
401 328 510 388 autem
528 327 597 388 erat
618 344 743 406 semper
766 321 852 387 idern
874 322 992 400 voltus,
1015 343 1089 387 cum

83 413 214 496 mentis,
238 433 337 495 aqua
359 412 387 476 is
410 411 555 494 fingitur,
577 410 670 474 nulla
691 411 783 474 ficret
799 410 944 475 mutatio.
982 407 1087 484 Quare

84 499 207 582 accipio
230 499 377 583 equidem
403 497 626 582 aOyrenaicis
649 498 729 561 haec
751 500 841 562 arma
861 500 974 562 contra
997 519 1088 561 casus

84 591 116 651 et
135 589 276 670 eventus,
293 586 411 670 quibus
431 607 541 650 eorum
555 585 760 649 advenientes
778 585 918 668 impetus
937 584 1089 649 diuturna

83 674 371 756 praemeditatione
402 673 607 758 frangantur,
641 672 801 756 ¹simulque
831 672 936 737 iudico
968 672 1089 736 malum

84 761 164 825 illud
177 761 347 844 ‘opinionis
366 782 449 844 esse,
470 782 537 825 non
552 763 701 842 naturae3
725 761 753 824 si
776 759 862 824 enirn
884 760 920 824 in
939 781 974 823 re
993 762 1089 844 esset,

84 870 141 913 cur
162 849 276 914 fierent
296 851 427 931 provisa
448 847 600 912 leviora‘t.
637 845 699 911 sed
725 851 787 930 est,
810 847 912 912 isdem
935 847 1088 911 derebus
1107 862 1143 912 aa

85 935 170 1019 quod
190 935 253 1001 dici
274 937 381 1019 possit
400 935 564 1018 subtilius,
585 935 615 1006 si
632 935 721 1019 prius
740 935 874 1017 Epicuri
894 935 1089 999 sententiam

84 1024 270 1107 viderimus,
303 1023 359 1108 qui
391 1026 499 1088 censet
530 1043 658 1087 necesse
691 1043 760 1086 esse
788 1021 892 1087 omnis
923 1023 958 1085 in
985 1022 1088 1105 aegri·

84 1110 196 1175 tudine
215 1132 297 1195 esse,
321 1111 429 1196 quise
451 1111 487 1174 in
508 1109 605 1174 malis
624 1131 693 1174 esse
712 1109 921 1190 arbitrentur,
943 1109 1009 1173 sive
1031 1109 1089 1173 illa

85 1201 159 1263 ante
196 1199 328 1282 provisa
365 1201 398 1263 et
428 1201 595 1282 expectata
636 1197 702 1261 sint
736 1197 803 1261 sive
833 1196 1089 1261 inveteraverint.

83 1285 168 1350 Nam
190 1308 294 1369 neque
317 1289 479 1350 vetustate
502 1284 605 1349 minui
626 1285 713 1348 mala
734 1305 792 1348 nec
820 1284 890 1348 fieri
912 1282 1090 1367 praemedi-

84 1377 154 1436 tata
176 1374 311 1456 leviora,
334 1374 531 1456 stultamque
553 1372 653 1436 etiam
676 1393 746 1436 esse
773 1371 1019 1437 meditationem
1040 1370 1090 1437 fu-

84 1460 152 1524 turi
182 1460 261 1524 mali
293 1463 349 1524 aut
378 1459 516 1525 fortasse
546 1481 587 1522 ne
613 1457 715 1523 futuri
743 1458 882 1542 quidem3
911 1460 991 1524 satis
1019 1480 1089 1524 esse

86 1546 235 1611 odiosum
248 1548 369 1610 malum
384 1568 486 1631 omne,
504 1569 577 1611 cum
593 1547 745 1629 venisset3
765 1547 820 1630 qui
839 1549 945 1611 autem
964 1567 1090 1628 semper

85 1634 295 1717 cogitavisset
327 1634 468 1698 accidere
499 1655 593 1717 posse
626 1633 748 1717 aliquid
784 1634 922 1716 adversi,
959 1635 989 1698 ei
1019 1634 1090 1698 fieri

86 1721 166 1784 illud
190 1721 420 1803 sempiternum
439 1722 573 1804 malum3
597 1722 625 1785 si
649 1743 723 1786 vero
741 1743 781 1785 ne
798 1722 942 1785 futurum
961 1720 1089 1805 quidem

86 1810 142 1891 sit,
164 1809 285 1872 frustra
308 1809 428 1892 suscipi
450 1809 615 1872 miseriam
637 1809 865 1892 voluntariam3
894 1808 942 1873 ita
964 1830 1091 1892 semper

86 1896 163 1979 angi
184 1899 241 1960 aut
264 1896 449 1979 accipiendo
473 1902 530 1961 aut
552 1896 724 1981 cogitando
748 1896 844 1961 malo.
881 1894 1090 1961 Levationem
1108 1911 1144 1960 33

87 1987 196 2048 autem
219 1983 429 2067 aegritudinis
453 1983 488 2047 in
510 1983 633 2048 duabus
656 1985 751 2048 rebus
774 1984 880 2066 ponit,
903 1984 1090 2048 avocatione

86 2093 105 2134 a
129 2071 302 2155 cogitanda
325 2071 475 2136 molestia
494 2075 527 2135 et
544 2072 746 2136 revocatione
766 2072 807 2135 ad
825 2071 1090 2155 contemplandas

85 2159 279 2242 voluptates.
314 2158 431 2223 Parere
449 2159 534 2223 enim
558 2164 667 2223 censet
689 2159 830 2223 animum
853 2160 972 2224 rationi
994 2175 1090 2243 posse

86 2250 131 2329 et,
159 2268 223 2329 quo
250 2247 308 2310 illa
336 2246 444 2329 ducat,
472 2247 570 2329 sequi.
618 2245 718 2311 Vetat
744 2247 843 2330 igitur
866 2247 949 2310 ratio
972 2247 1091 2311 intueri

86 2333 262 2417 molestias,
280 2334 443 2398 abstrahit
461 2335 500 2398 ab
520 2334 643 2398 acerbis
663 2334 924 2416 cogitationibus,
941 2332 1091 2399 hebetem

84 2421 163 2500 facit
184 2421 285 2485 aciem
309 2421 349 2484 ad
372 2421 518 2485 miserias
537 2420 813 2503 contemplandas,
837 2441 856 2483 a
879 2420 995 2504 quibus
1019 2442 1091 2486 cum

87 2507 203 2572 cecinit
233 2509 388 2592 receptui,
419 2508 548 2591 inpellit
578 2529 706 2571 rursum
736 2511 769 2571 et
799 2507 914 2572 incitat
947 2506 987 2571 ad
1016 2529 1091 2572 eon·

87 2594 266 2677 spiciendas
293 2600 425 2679 totaque
448 2597 555 2658 mente
578 2594 820 2658 contrectandas
849 2594 955 2658 varias
978 2595 1091 2678 volup-

86 2685 185 2760 tates,
217 2683 333 2767 quibus
365 2683 421 2746 ille
454 2685 486 2746 et
517 2683 762 2764 praeteritarum
790 2682 947 2745 memoria
975 2684 1007 2745 et
1035 2702 1091 2764 spe

87 2770 349 2853 consequentium
373 2769 529 2853 sapientis
552 2769 653 2832 vitam
675 2768 827 2832 refertam
849 2771 951 2851 putat.
1002 2766 1092 2833 Haec

86 2860 198 2922 nostro
226 2880 314 2922 more
340 2879 400 2922 nos
428 2857 579 2938 diximus,
606 2855 751 2938 Epicurii
774 2855 885 2919 dicunt
910 2877 978 2919 suo.
1029 2852 1092 2919 Sed

87 2965 168 3027 quae
192 2945 315 3028 dicant,
337 2945 515 3027 videamus,
539 2965 601 3027 quo
624 2943 732 3027 modo,
754 2943 973 3027 neglegamus.

152 3031 315 3115 Principio
360 3031 444 3096 male
489 3030 727 3113 reprehendunt
770 3029 1091 3112 praemeditationem
1103 3001 1146 3126 135}

86 3141 193 3182 rerum
215 3120 404 3183 futurarum.
440 3117 532 3182 Nihil
551 3121 600 3181 est
619 3119 718 3201 enim,
742 3117 825 3200 quod
848 3120 916 3180 tam
936 3117 1093 3181 obtundat

86 3207 252 3290 elevetque
280 3206 515 3289 aegritudinem
542 3227 638 3288 quam
665 3209 821 3288 perpetua
847 3205 881 3268 in
908 3205 996 3267 omni
1024 3205 1092 3269 vita

87 3294 242 3378 cogitatio
270 3294 352 3358 nihil
379 3314 462 3376 esse,
490 3293 573 3377 quod
598 3314 663 3356 non
687 3291 828 3356 accidere
850 3292 967 3373 possit,
995 3315 1092 3376 quam

86 3381 253 3445 meditatio
282 3379 479 3445 condicionis
506 3380 679 3457 humanae,
706 3400 802 3462 quam
825 3378 909 3442 vitae
931 3379 983 3444 lex
1006 3402 1092 3445 com-

86 3469 307 3552 mentatioque
330 3467 478 3555 parendi,
498 3464 748 3671 “oc
766 3465 884 3546 adfert,
907 3469 943 3532 ut
966 3489 1093 3551 semper

839 3656 982 3743 Α.
