2446 3944
440 189 680 254 -317-

58 363 107 428 ita
130 383 164 428 se
187 365 313 448 gerunt,
336 361 384 426 ita
406 362 530 446 vivunt,
551 366 588 427 111
611 384 722 428 eorum
739 363 895 447 probetur
911 363 1001 448 fides,
1018 365 1064 428 in·

59 450 207 536 tegritas,
230 448 387 535 aequitas,
410 450 600 533 liberalitas,
621 472 680 515 nec
703 450 747 514 sit
764 451 800 514 in
822 451 868 515 eis
890 451 959 515 ulla
979 454 1065 537 cupi-

60 539 155 621 ditas,
176 538 288 621 libido,
312 537 454 621 audacia,
478 538 606 621 sintque
628 559 749 623 magna
771 539 963 622 constantia,
986 540 1065 604 11111

60 627 204 708 fuerunt,
235 625 331 691 modo
362 647 442 709 quos
473 626 653 709 nominavi,
684 626 744 691 hos
767 625 855 690 viros
884 627 1001 710 bonos,
1028 631 1065 692 ut

60 713 166 778 habiti
189 716 278 798 sunt,
301 713 348 778 sic
370 713 469 778 etiam
492 713 703 798 appellandos
726 718 890 799 putemus,
920 715 995 797 quia
1018 737 1065 780 se-

61 805 211 886 quantur,
229 804 386 884 quantum
403 801 550 865 homines
568 805 714 885 possunt,
736 805 888 866 naturam
907 803 1064 886 optimam

59 891 142 954 bene
165 889 293 954 vivendi
316 889 436 954 ducem.
469 886 521 953 Sic
545 888 629 952 enim
648 888 728 953 mihi
746 889 926 973 perspicere
944 890 1064 974 videor,

60 977 110 1041 ita
131 979 226 1041 natos
250 997 319 1041 esse
337 998 406 1060 nos,
424 980 461 1041 ut
479 976 565 1040 inter
583 998 694 1041 omnes
713 980 799 1041 esset
814 977 950 1042 societas
970 1000 1064 1061 quae-

62 1065 146 1148 dam,
162 1063 265 1128 maior
282 1068 400 1147 autem,
413 1068 450 1128 ut
469 1064 603 1147 quisque
621 1086 776 1166 proxume
790 1064 962 1130 accederet
997 1064 1064 1129 Ita-

62 1174 125 1236 que
152 1152 237 1217 cives
264 1153 407 1236 potiores
436 1173 532 1235 quam
560 1151 735 1237 peregrini,
766 1152 940 1252 propinqui
967 1174 1064 1237 quam

62 1239 172 1322 alieni3
200 1261 273 1304 cum
299 1239 351 1303 his
374 1239 460 1304 enim
489 1239 666 1304 amicitiam
691 1240 840 1304 natura'
831 1261 904 1324 ipsa
925 1240 1064 1324 peperit3

62 1328 119 1392 1111
141 1349 179 1391 11
200 1349 267 1391 non
289 1330 341 1392 sat
342 1327 370 1391 is
327 1327 493 1391 thabat
515 1327 652 1391 firmitat
602 1327 690 1391 1111.
726 1325 875 1410 Namque
892 1327 954 1391 hoc
972 1349 1064 1410 prae

62 1419 130 1479 stat
153 1414 295 1479 amicitia
317 1414 561 1499 propinquitati,
585 1414 671 1497 quod
694 1435 733 1478 ex
750 1414 993 1499 propinquitate
1011 1414 1064 1479 be·

60 1503 241 1567 nivolentia
258 1502 334 1566 tolli
351 1506 469 1586 potest,
492 1525 531 1566 ex
549 1502 693 1567 amicitia
706 1523 773 1566 non
789 1506 912 1586 potest3
936 1501 1066 1567 sublata

62 1590 149 1654 enim
166 1590 386 1655 benivolentia
405 1589 565 1654 amicitiae
584 1611 703 1654 nomen
720 1589 862 1673 tollitur,
880 1591 1065 1674 propinqui·

60 1678 141 1743 11111
169 1681 287 1741 manet.
328 1677 456 1752 Quanta
474 1682 583 1742 autem
605 1677 655 1743 vis
677 1677 839 1742 amicitiae
863 1678 919 1759 sit,
947 1699 985 1741 ex
1003 1678 1064 1743 hoc
1084 1686 1117 1735 20

60 1766 210 1850 intellegi
232 1765 371 1830 maxime
393 1769 512 1850 potest,
535 1765 620 1847 quod
639 1786 677 1829 ex
693 1765 822 1829 infinita
840 1765 994 1830 societate
1013 1787 1065 1852 ge·

61 1853 149 1918 neris
172 1853 318 1936 humani,
346 1875 444 1936 quam
467 1852 651 1918 conciliavit
673 1853 745 1936 ipsa
766 1857 936 1936 natura,1
923 1853 971 1917 ita
994 1875 1065 1918 con·

59 1945 169 2006 tracta
195 1962 246 2004 res
271 1945 321 2004 est
344 1944 376 2005 et
362 1940 569 2005 tadducta
559 1962 595 2003 1n
617 1943 736 2026 angust
737 1963 806 2024 um,
827 1944 865 2005 ut
888 1941 992 2006 omnis
1017 1964 1065 2006 ca·

43 2029 145 2093 11111
169 2028 296 2092 autt
247 2051 280 2092 m
282 2033 331 2092 ter
355 2029 434 2092 duos
458 2033 515 2093 aut
536 2027 622 2092 inter
644 2050 764 2130 paucos
786 2028 982 2114 iungeretur.

129 2115 191 2180 Est
213 2115 299 2179 enim
322 2116 431 2181 amicit
432 2116 464 2180 ia
417 2115 568 2180 tnihil
591 2116 679 2180 aliud
701 2116 765 2180 nisi
783 2117 926 2181 omnium
945 2116 1065 2180 divina-
1084 2109 1103 2173 6

61 2225 136 2268 rum
149 2203 425 2304 humanarumque
438 2225 547 2267 rerum
561 2226 632 2269 cum
647 2204 866 2270 benivolentia
884 2226 901 2268 e
902 2204 1066 2268 tcaritate

62 2291 245 2373 consensio3
268 2313 332 2374 qua
355 2291 483 2374 quidem
502 2291 584 2355 haut
608 2292 673 2357 scio
693 2313 735 2356 an
753 2295 886 2376 excepta
905 2292 1065 2376 sapientia

62 2378 146 2442 nihil
176 2378 291 2442 melius
322 2378 446 2443 homini
478 2379 522 2443 sit
554 2401 573 2443 a
605 2379 653 2442 dis
684 2379 913 2444 inmortalibus
946 2379 1066 2443 datum.

62 2465 204 2530 Divitias
228 2466 285 2530 alii
307 2469 526 2550 praeponunt,
547 2465 666 2530 bonam
689 2466 746 2530 alii
767 2466 987 2549 valitudinem,
1011 2466 1067 2530 alii

63 2554 253 2638 potentiam,
277 2554 332 2618 alii
354 2554 506 2636 honores,
529 2553 625 2618 multi
648 2553 746 2617 etiam
768 2554 963 2636 voluptates.
1007 2552 1067 2617 Be-

62 2643 192 2706 luarum
215 2642 276 2706 hoc
300 2641 426 2724 quidem
455 2645 646 2723 extremum,
677 2640 737 2704 illa
764 2643 872 2705 autem
899 2640 1066 2724 superiora

63 2728 184 2793 caduca
207 2732 240 2792 et
262 2728 394 2812 incerta,
417 2729 525 2812 posita
547 2731 704 2792 nontam
726 2727 761 2790 in
782 2726 925 2792 consiliis
944 2727 1066 2791 nostris

64 2838 163 2899 quam
185 2816 220 2879 in
245 2816 395 2881 fortunae
424 2815 615 2880 temeritate.
661 2814 723 2889 Qui
750 2817 858 2879 autem
884 2814 919 2877 in
945 2813 1067 2878 virtute

65 2925 227 2968 summum
249 2903 370 2968 bonum
399 2907 536 2988 ponunt,
567 2903 732 2987 praeclare
759 2902 809 2966 illi
837 2901 979 2985 quidem,
1011 2902 1068 2966 1111

64 2991 144 3056 haec
165 2991 239 3075 ipsa
260 2991 364 3056 virtus
388 2991 564 3056 amicitiam
587 2995 620 3055 et
643 2990 749 3076 gignit
772 2993 805 3054 et
827 2990 986 3071 continet,
1008 3011 1067 3055 nec

64 3078 134 3143 sine
157 3079 278 3144 virtute
302 3079 444 3143 amicitia
467 3101 536 3143 csse
558 3079 627 3143 ullo
649 3082 746 3163 pacto
765 3081 883 3163 potest.
916 3076 987 3141 Iam
1006 3077 1067 3141 vir·
1086 3085 1118 3132 21

63 3169 170 3231 tutem
193 3188 232 3231 ex
254 3166 483 3232 consuetudine
505 3166 592 3231 vitae
611 3166 830 3249 sermonisque
849 3165 954 3229 nostri
971 3165 1067 3229 inter-

63 3257 230 3338 pretemur
251 3276 311 3318 nec
334 3276 414 3337 eam,
436 3257 474 3318 ut
493 3254 623 3337 quidam
642 3253 738 3333 docti,
756 3253 928 3318 verborum
946 3254 1068 3338 magni-

65 3341 196 3406 ficentia
218 3342 391 3406 metiamur
413 3341 564 3427 virosque
590 3342 692 3406 bonos
721 3363 789 3424 eos,
821 3341 876 3424 qui
897 3340 1068 3424 habentur,

64 3450 280 3513 numeremus,
298 3428 427 3513 Paulos,
446 3427 595 3514 Catones,
618 3428 727 3512 Galos,
751 3427 924 3514 Scipiones,
942 3428 1068 3512 Phil0s3

16 3570 19 3576 .
64 3516 117 3581 his
138 3517 317 3582 communis
336 3517 404 3582 vita
423 3520 574 3582 contenta
592 3520 656 3603 est,
674 3538 729 3582 eos
748 3521 857 3582 autem
871 3517 1068 3602 omittamus,

1155 3586 1164 3651 1
