2446 3944
470 238 509 247 —
557 203 707 268 389-

84 365 154 429 viro
177 365 297 448 virtus3
319 363 382 429 viri
405 367 513 428 autem
535 363 668 447 propria
689 365 828 429 maxime
851 366 902 430 est
925 363 1092 450 fortitudo,

85 454 174 517 cuius
208 473 343 516 munera
373 451 435 515 duo
469 454 545 516 sunt
575 451 731 536 maxima,
761 453 875 517 mortis
907 453 1091 537 dolorisque

85 540 289 624 contemptio,
332 537 495 603 Utendum
518 541 568 604 est
590 539 692 623 igitur
713 538 778 622 his,
801 540 829 604 si
851 540 982 605 virtutis
1006 561 1090 606 com-

86 631 193 713 potes,
224 628 274 692 vel
305 626 414 710 potius
444 627 473 690 si
501 627 564 691 viri
595 626 743 691 volumus
773 646 858 707 esse,
887 628 1042 712 quoniam
1072 651 1091 692 a

87 716 165 779 viris
197 715 300 779 virtus
332 733 451 780 nomen
483 717 534 778 est
564 717 721 778 mutuata.
775 713 914 789 Quaeres
945 715 1091 800 fortasse,

86 825 149 886 quo
164 802 268 886 modo,
285 805 319 866 et
337 805 436 887 recte3
453 801 554 866 talem
573 802 658 866 enim
674 801 866 866 medicinam
883 802 1091 888 philosophia

85 891 263 973 profitetur.

141 977 250 1042 ·Venit
275 977 450 1061 Epicurus,
478 976 575 1042 homo
602 977 734 1042 minime
762 976 866 1040 malus
898 977 950 1040 vel
981 977 1089 1060 potius
1101 941 1143 1065 Ἠ

85 1066 135 1130 vir
157 1065 313 1148 optimus3
335 1068 463 1129 tantum
485 1067 607 1148 monet,
631 1068 787 1148 quantum
809 1063 980 1147 intellegit.
1016 1063 1090 1128 ‘Ne-

85 1152 209 1237 glege',
232 1153 351 1236 inquit,
374 1151 555 1216 ‘dolorem'
591 1151 670 1227 Quis
692 1150 755 1217 hoc
774 1150 874 1215 dicit?
910 1150 1014 1235 Idem,
1036 1153 1091 1235 qui

84 1241 228 1306 dolorem
269 1260 430 1305 summum
470 1240 600 1304 malum.
667 1238 732 1304 Vix
772 1239 852 1303 satis
898 1241 1091 1304 constanter.

84 1328 270 1393 Audiamus.
320 1327 373 1392 ‘si
400 1349 544 1392 summus
571 1327 663 1392 dolor
690 1325 769 1410 est’,
796 1326 915 1412 inquit,
945 1325 1092 1391 ‘brevem

84 1437 214 1479 necesse
237 1419 287 1479 est
312 1413 403 1480 csse?

151 1536 343 1601 Iteradum
367 1537 495 1601 eadem
519 1537 600 1602 ista
622 1536 730 1602 mihil

85 1698 151 1740 non
178 1676 264 1740 enim
291 1676 371 1740 satis
398 1676 567 1761 intellego,
598 1676 674 1760 quid
705 1682 866 1742 summum
895 1677 983 1742 dicas
1013 1699 1091 1763 esse,

86 1764 163 1847 quid
184 1764 291 1828 breve.
327 1762 523 1847 ‘Summum
545 1786 608 1848 quo
629 1765 712 1828 nihil
736 1761 779 1829 sit
801 1765 962 1849 superius,
984 1765 1090 1850 breve,

86 1873 148 1936 quo
176 1850 258 1914 nihil
284 1850 422 1916 brevius.
474 1849 651 1916 Contemno
677 1853 934 1936 magnitudinem
961 1853 1090 1937 doloris,

85 1962 105 2004 a
133 1960 196 2022 qua
227 1959 278 2002 me
305 1939 445 2003 brevitas
477 1939 633 2022 temporis
665 1940 843 2006 vindicabit
875 1944 949 2004 ante
981 1963 1091 2025 paene,

85 2047 182 2109 quam
204 2025 349 2091 venerit?
385 2024 448 2090 Sed
470 2026 499 2090 si
522 2030 572 2091 est
594 2030 703 2092 tantus
726 2027 834 2111 dolor,
857 2031 996 2111 quantus
1014 2029 1090 2093 Phi-

85 2114 246 2179 loctetae?
292 2112 395 2178 ‘Bene
421 2114 518 2197 plane
540 2135 677 2199 magnus
700 2115 780 2180 mihi
804 2116 933 2200 quidem
955 2116 1090 2200 videtur,

85 2201 141 2267 sed
166 2205 277 2266 tamen
302 2223 369 2266 non
397 2222 553 2288 summus,
586 2203 668 2267 nihil
697 2204 782 2268 enim
812 2204 900 2268 dolet
925 2204 989 2267 nisi
1019 2225 1090 2287 pes3

83 2293 220 2374 possunt
238 2289 337 2368 oculi,
359 2293 467 2372 potest
485 2294 594 2374 caput,
611 2292 728 2373 latera,
749 2292 931 2374 pulmones,
952 2295 1091 2375 possunt

85 2378 202 2443 omnia.
250 2376 361 2460 Longe
387 2377 488 2461 igitur
515 2379 607 2441 abest
630 2400 650 2442 a
672 2399 798 2442 summo
829 2377 947 2442 dolore.
991 2378 1089 2463 Ergo,

85 2464 203 2547 inquit,
239 2464 330 2529 dolor
365 2463 533 2529 diuturnus
569 2464 669 2529 habet
699 2465 844 2528 laetitiae
882 2465 955 2547 plus
992 2488 1089 2550 quam

86 2549 276 2618 molestiae?
320 2550 415 2616 Nunc
438 2572 498 2636 ego
523 2573 589 2616 non
614 2573 747 2634 possum
773 2554 902 2616 tantum
923 2552 1087 2617 hominem
1106 2565 1140 2614 45

84 2637 168 2702 nihil
200 2658 311 2721 sapere
342 2639 461 2722 dicere,
496 2638 551 2702 sed
583 2660 643 2704 nos
680 2638 721 2702 ab
758 2659 795 2704 eo
834 2638 971 2702 derideri
1001 2642 1089 2722 puto.

84 2725 157 2810 Ego
202 2746 362 2790 summum
407 2727 549 2790 dolorem
599 2723 806 2811 (‘summum'
853 2729 960 2790 autem
1008 2726 1089 2809 dico,

85 2813 213 2878 etiamsi
241 2813 349 2878 decem
376 2813 492 2877 atomis
516 2816 566 2877 est
588 2813 692 2877 maior
719 2811 815 2897 alius)
841 2834 907 2877 non
935 2813 1088 2879 continuo

85 2922 155 2965 esse
182 2900 253 2965 dico
280 2900 410 2966 brevem
437 2901 619 2984 multosque
641 2920 775 2983 possum
796 2899 900 2964 bonos
922 2900 1009 2964 viros
1032 2922 1088 2964 no-

84 2989 221 3071 minare,
257 2990 313 3072 qui
348 2989 530 3071 complures
576 3009 676 3052 annos
722 2987 886 3051 doloribus
926 2987 1088 3071 podagrae

84 3077 265 3140 crucientur
293 3076 451 3140 maximis.
501 3073 563 3139 Sed
589 3076 686 3140 homo
715 3079 806 3139 catus
828 3096 1003 3158 numquam
1026 3079 1088 3139 ter-

85 3165 188 3228 minat
210 3184 270 3228 nec
292 3163 524 3247 magnitudinis
550 3184 611 3227 neo
640 3163 863 3227 diuturnitatis
886 3161 1029 3246 modum,
1052 3167 1090 3226 ut

85 3253 199 3335 sciam,
226 3251 304 3336 quid
331 3271 491 3315 summum
518 3250 604 3314 dicat
625 3250 659 3313 in
683 3249 805 3332 dolore,
833 3248 910 3333 quid
935 3250 1031 3313 breve
1054 3250 1090 3314 in

84 3343 239 3423 tempore.
293 3337 488 3402 Omittamus
520 3337 605 3401 hune
635 3337 736 3422 igitur
767 3337 848 3400 nihil
879 3359 1011 3421 prorsus
1041 3338 1087 3404 di-

84 3430 209 3492 centem
237 3446 452 3510 cogamusque
479 3425 624 3490 confiteri
649 3445 714 3488 non
742 3445 812 3489 esse
840 3425 881 3489 ah
904 3446 942 3490 eo
965 3426 986 3490 d

82 3515 226 3579 remedia
257 3513 449 3595 quaerenda,
486 3513 542 3595 qui
573 3511 715 3577 dolorem
749 3513 908 3578 malorum
944 3424 1159 3712 aar
