2446 3944
548 216 590 226 -
634 178 721 269 290„
746 215 788 225 -

164 351 237 414 istis
266 348 395 432 quidem
421 348 501 432 ipsis
524 348 749 432 voluptatibus
777 370 886 413 carere
909 370 1004 414 sensu
1027 353 1177 415 senectu-

164 441 241 502 tem.
290 435 343 500 Me
369 457 445 501 vero
474 439 507 500 et
536 436 727 521 magisteria
753 437 915 501 delectant
942 460 961 501 a
992 436 1176 502 maioribus

164 524 316 590 instituta
343 527 376 588 et
402 523 431 588 is
459 545 578 608 sermo,
612 524 668 608 qui
694 545 783 588 more
811 524 970 589 maiorum
997 547 1017 590 a
1045 547 1174 591 summo

165 612 336 678 adhibetur
367 611 402 675 in
433 612 549 697 poculo
555 662 564 695 ,
596 615 629 676 et
656 613 786 697 pocula,
818 611 901 677 sicut
932 612 966 676 in
999 610 1175 697 Symposio

163 699 389 783 Xenophontis
408 703 466 783 est,
489 700 614 764 minuta
633 703 730 783 atque
750 700 897 764 rorantia
913 704 946 763 et
964 700 1174 786 refrigeratio

165 791 289 853 aestate
318 791 351 851 et
377 787 519 853 vicissim
548 791 604 852 aut
632 788 681 852 sol
705 791 761 851 aut
783 787 869 873 ignis
892 788 1061 871 hibernus3
1090 811 1175 872 quae

165 876 293 959 quidem
317 875 416 939 etiam
438 875 474 940 in
492 874 620 939 Sabinis
638 875 789 959 persequi
811 876 900 940 soleo
924 876 1176 960 conviviumque

163 963 342 1028 vicinorum
366 963 482 1027 cotidie
504 963 665 1048 complue,
692 963 778 1046 quod
805 963 846 1027 ad
873 964 1011 1028 multam
1032 968 1175 1050 noctem,

164 1073 261 1134 quam
284 1051 423 1115 maxime
445 1072 631 1135 possumus,
661 1051 752 1115 vario
780 1072 927 1115 sermone
953 1052 1174 1135 producimus.

110 1155 145 1204 4⁷
164 1137 211 1204 At
231 1160 298 1204 non
321 1141 371 1202 est
393 1138 599 1223 voluptatum
621 1142 716 1203 tanta
743 1138 836 1223 quasi
858 1139 1007 1203 titillatio
1031 1139 1066 1203 in
1091 1141 1190 1208 seni.

163 1227 233 1292 bus.
275 1223 391 1310 Crede,
420 1227 477 1291 sed
502 1249 543 1291 ne
567 1227 758 1291 desideratio
783 1226 925 1310 quidem3
953 1227 1037 1291 nihil
1061 1231 1174 1293 autem

164 1319 214 1379 est
236 1314 424 1397 molestum,
452 1315 538 1397 quod
564 1336 631 1379 non
658 1314 827 1379 desideres.
872 1313 960 1379 Bene
984 1312 1174 1402 Sophocles,

163 1424 237 1468 cum
250 1425 289 1466 ex
308 1424 345 1467 eo
365 1402 495 1485 quidam
513 1402 579 1466 iam
598 1402 724 1467 adfecto
743 1406 850 1467 aetate
869 1406 1048 1485 quaereret,
1066 1407 1174 1469 utere

163 1494 258 1554 turne
275 1492 371 1554 rebus
385 1490 536 1556 veneriis:
556 1489 619 1554 ‘Di
637 1489 827 1554 meliora!'
845 1490 964 1574 inquit,
984 1489 1174 1556 ‘libenter

163 1601 253 1643 vero
276 1578 396 1643 istinc
419 1578 520 1644 sieut
539 1579 584 1642 ab
608 1578 760 1642 domino
784 1578 933 1662 agresti
955 1600 997 1643 ac
1019 1578 1172 1645 furioso

163 1665 253 1750 prof
255 1665 341 1751 ugi'
370 1664 501 1750 Cupidis
517 1667 602 1730 enim
617 1688 724 1730 rerum
738 1665 853 1730 talium
868 1666 1015 1730 odiosum
1029 1666 1174 1732 fortasse

164 1757 197 1817 et
215 1753 389 1818 molestum
408 1757 458 1817 est
476 1776 593 1837 carere,
612 1753 739 1818 satiatis
758 1774 835 1819 vero
854 1757 887 1818 et
910 1754 1047 1838 expletis
1061 1755 1173 1820 iucun-

164 1841 235 1904 dius
249 1844 299 1904 est
313 1863 420 1904 carere
435 1863 533 1924 quam
546 1841 619 1906 frui.
652 1840 854 1924 Quamquam
871 1863 937 1906 non
956 1846 1044 1907 caret
1057 1843 1096 1926 is,
1115 1845 1173 1928 qui

162 1949 229 1992 non
243 1928 416 2011 desiderat3
435 1950 512 2014 ergo
530 1929 593 1993 hoe
610 1951 676 1994 non
690 1929 871 1993 desiderare
886 1929 956 1994 dico
973 1951 1043 1994 esse
1061 1930 1173 1996 iucun-

108 2031 143 2080 48
164 2015 243 2080 dius.
275 2013 396 2090 Quodsi
413 2015 487 2079 istis
505 2016 585 2100 ipsis
604 2016 828 2101 voluptatibus
845 2018 932 2082 bona
946 2022 1036 2082 aetas
1050 2017 1173 2084 fruitur

162 2103 329 2185 libentius,
352 2103 493 2187 primum
515 2104 659 2188 parvulis
682 2105 802 2169 fruitur
824 2106 937 2190 rebus,
959 2109 997 2169 ut
1020 2106 1172 2193 diximus,

163 2190 275 2254 deinde
298 2190 352 2273 iis,
380 2191 496 2273 quibus
524 2196 672 2257 senectus
700 2193 828 2256 etiamsi
854 2215 921 2258 non
942 2194 1067 2258 abunde
1086 2196 1173 2279 poti-

161 2281 224 2360 tur,
246 2298 313 2342 non
335 2278 465 2343 omnino
489 2283 585 2344 caret.
630 2279 677 2344 Ut
700 2279 862 2365 Turpione
885 2280 1038 2346 Ambivio
1062 2284 1171 2368 magis

163 2365 352 2448 delectatur,
389 2366 445 2449 qui
475 2367 511 2431 in
541 2368 648 2452 prima
679 2391 777 2433 cavea
812 2373 953 2453 spectat,
990 2370 1172 2435 delectatur

162 2456 272 2516 tamen
295 2454 402 2537 etiam,
426 2455 481 2538 qui
502 2456 538 2518 in
560 2456 689 2539 ultima,
713 2456 758 2521 sic
782 2457 1000 2522 adulescentia
1022 2459 1172 2543 volupta-

162 2544 212 2604 tes
235 2545 369 2625 propter
394 2542 523 2607 intuens
551 2544 657 2629 magis
683 2543 823 2608 fortasse
851 2544 1006 2629 laetatur,
1034 2546 1092 2610 sed
1120 2546 1172 2612 de-

161 2629 301 2693 lectatur
328 2629 427 2694 etiam
455 2635 601 2696 senectus
629 2633 742 2715 procul
769 2654 823 2696 eas
852 2637 1002 2717 spectans
1030 2637 1172 2719 tantum,

108 2731 142 2779 49
162 2720 320 2800 quantum
343 2721 395 2781 sat
419 2722 476 2782 est.
521 2718 568 2782 At
589 2719 648 2783 illa
671 2720 785 2802 quanti
808 2724 895 2803 sunt,
920 2722 1064 2786 animum
1087 2726 1172 2787 tam-

163 2827 260 2888 quam
284 2805 425 2868 emeritis
449 2806 618 2890 stipendiis
640 2806 794 2891 libidinis,
820 2809 1016 2892 ambitionis,
1040 2813 1172 2875 conten-

162 2892 270 2971 tionis,
291 2892 545 2977 inimicitiarum,
567 2895 786 2978 cupiditatum·
803 2897 947 2961 omnium
971 2919 1079 2962 secum
1098 2920 1172 2964 esse

163 3002 341 3064 secumque,
355 2984 393 3044 ut
407 2981 531 3065 dicitur,
545 2982 665 3047 vivere!
690 2980 814 3048 sivero
828 2984 928 3049 babet
943 2985 1075 3069 aliquod
1088 2990 1173 3051 tam·

163 3090 259 3151 quam
282 3069 438 3153 pabulum
462 3070 560 3133 studii
579 3074 675 3153 atque
695 3071 869 3155 doctrinae,
890 3073 974 3137 nihil
993 3077 1044 3138 est
1063 3075 1173 3141 otiosa

163 3160 326 3220 senectute
342 3157 520 3221 iucundius.
551 3157 574 3240 †
588 3157 673 3223 Mori
685 3159 874 3224 videbamus
892 3161 927 3224 in
945 3161 1052 3225 studio
1072 3163 1172 3227 dimo

160 3242 263 3307 tiendi
284 3266 387 3327 paene
410 3245 491 3309 caeli
514 3249 611 3329 atque
633 3250 740 3311 terrae
764 3245 798 3312 Ο.
822 3247 949 3333 Galum,
972 3249 1171 3315 familiarem

160 3331 265 3413 patris
292 3332 354 3415 tui,
384 3330 505 3417 Scipio,
538 3333 687 3418 quotiens
714 3334 809 3400 illum
835 3335 892 3400 lux
918 3340 1017 3401 noctu
1045 3338 1171 3421 aliquid

160 3417 340 3483 describere
354 3419 545 3505 ingressum,
560 3422 708 3504 quotiens
722 3444 786 3487 nox
801 3424 972 3509 oppressit,
986 3447 1059 3489 cum
1073 3448 1171 3492 mane

65 3468 334 3719 Ypisset!
367 3530 465 3591 quam
493 3509 676 3576 delectabat
703 3532 776 3576 eum
803 3511 998 3577 defectiones
1026 3514 1107 3578 solis
1136 3518 1171 3579 et

125 3615 135 3672 l
