2446 3944
548 193 786 259 -396-

164 360 201 422 ut
227 356 362 422 vidisset
389 357 422 419 et
450 353 657 419 salutavisset
642 353 932 437 thonorilicisque
959 353 1068 418 verbis
1100 376 1173 439 pro·

165 447 292 509 secutus
316 446 401 507 esset
423 442 621 525 molesteque
644 463 678 506 se
709 441 842 506 dixisset
863 441 961 524 ferre,
989 440 1077 525 quod
1101 463 1172 507 eum

130 529 498 614 ·nonpossetaudire,
517 530 637 594 atille.
661 527 852 594 Tuvero'
856 529 1003 630 ,tinquit,
1027 526 1172 613 potes,

162 640 231 684 nec
253 619 502 700 committam,
532 620 574 681 ιιι
596 617 704 681 dolor
732 616 906 700 corporis
935 615 1105 698 efficiat,
1132 621 1172 682 ut

13 722 32 732 ‘·
163 707 313 771 frustra
335 709 467 769 tantus
491 705 549 770 vir
572 704 616 769 ad
639 726 694 768 me
717 702 890 769 venerit?
925 702 1041 788 Itaque
1062 726 1170 770 narra-

164 794 222 858 bat
249 815 323 858 enm
350 793 493 877 graviter
520 795 553 856 et
579 793 707 874 copiose
730 792 769 856 de
795 791 964 875 hoc1pso,
990 791 1078 856 nihil
1102 814 1170 857 esse

163 882 298 958 bonum,
320 881 385 945 nisi
408 879 492 964 quod
515 883 601 944 esset
621 879 807 961 honestum,
831 880 1002 944 cubantem
1026 879 1170 964 disputa·

163 970 263 1050 visse,
296 988 431 1051 cumque
463 967 555 1051 quasi
581 967 668 1031 faces
702 967 731 1031 ei
762 966 881 1032 doloris
913 966 1170 1047 admoverentur,

164 1077 259 1140 saepe
290 1056 422 1120 dixisse.
464 1053 588 1119 Nihil
620 1055 719 1140 agis,
754 1053 876 1119 dolor!
908 1055 1083 1137 quamvis
1118 1056 1168 1120 sis

164 1145 363 1225 molestus,
385 1164 584 1226 numquam
606 1145 643 1205 te
662 1163 746 1206 esse
765 1141 986 1207 confitebor
1008 1138 1169 1208 malum?

111 1210 154 1274 26
231 1230 431 1314 Omninoque
449 1251 560 1295 omnes
579 1229 658 1293 clari
677 1233 709 1294 et
725 1229 844 1293 nobilit
830 1230 892 1293 tati
910 1229 1039 1294 labores
1057 1233 1080 1311 †
1097 1252 1170 1296 con·

112 1287 145 1336 ⁶²
163 1319 284 1401 templo
307 1319 390 1382 fiunt
408 1317 506 1381 etiam
529 1317 726 1382 tolerabiles
762 1316 956 1381 Videmusne
957 1316 1072 1400 ,apud
1092 1339 1169 1403 quos

164 1427 274 1471 eorum
309 1405 469 1483 ludorum,
507 1405 561 1487 qui
597 1404 740 1488 gymnici
775 1366 996 1487 nominantdr,
1033 1426 1169 1491 magnus

162 1493 266 1558 honos
290 1493 346 1576 sit,
368 1493 494 1556 nullum
517 1492 558 1556 ab
580 1492 634 1575 iis,
663 1492 717 1575 qui
739 1491 774 1554 in
796 1491 829 1555 id
857 1495 1019 1556 certamen
1042 1492 1169 1559 descen·

164 1580 255 1664 dant,
277 1580 414 1645 devitari
437 1579 601 1644 dolorem?
629 1579 713 1662 apud
742 1600 822 1663 quos
846 1583 953 1643 autem
976 1581 1118 1645 venandi
1140 1584 1170 1646 et

164 1668 329 1752 equitandi
365 1669 436 1731 laus
474 1667 579 1751 viget,
617 1667 672 1750 qui
707 1666 791 1730 hanc
823 1669 1007 1749 petessnnt,
1043 1669 1169 1734 nullum

163 1756 294 1840 fugiunt
316 1755 467 1819 dolorem.
513 1753 597 1830 Quid
619 1754 657 1817 de
679 1754 800 1819 nostris
823 1754 1070 1839 ambitionibus,
1094 1755 1169 1840 quid

165 1843 203 1907 de
226 1842 403 1925 cupiditate
425 1842 585 1906 honorum
607 1842 743 1925 loquar?
767 1862 848 1926 quae
870 1842 1002 1906 flamma
1025 1847 1092 1927 est,
1115 1864 1170 1927 per

166 1951 262 2013 quam
288 1950 355 1994 non
381 1929 580 1993 cucurrerint
606 1928 644 2011 ιι,
674 1929 729 2012 qui
750 1928 829 1993 haec
853 1929 930 1992 olim
952 1931 1084 2012 punctis
1109 1933 1169 1996 sin·

165 2017 248 2100 gulis
263 2015 483 2099 colligebant?
513 2015 629 2098 ltaque
644 2037 769 2100 semper
784 2016 955 2081 Africanus
970 2014 1170 2083 Socraticum

163 2103 409 2186 Xenophontem
438 2103 471 2166 in
499 2103 649 2167 manibus
682 2103 836 2187 habebat,
868 2105 958 2168 cuius
990 2105 1025 2168 in
1057 2107 1169 2188 primis

164 2190 319 2255 laudabat
336 2190 426 2272 illud,
447 2190 533 2273 quod
551 2191 672 2254 diceret
690 2191 819 2255 eosdem
837 2192 964 2256 labores
983 2213 1051 2256 non
1070 2214 1170 2277 aeque

165 2279 274 2362 gravis
313 2300 382 2343 esse
413 2278 601 2360 imperatori
634 2281 667 2342 et
696 2279 807 2360 militi,
843 2279 929 2362 quod
959 2279 1029 2362 ipse
1065 2280 1170 2346 honos

113 2389 145 2437 ιι
163 2366 309 2430 laborem
336 2365 490 2430 leviorem
517 2365 638 2430 faceret
666 2365 919 2449 imperatorium.
968 2364 1031 2431 Sed
1060 2371 1170 2432 tamen

163 2453 225 2518 hoc
254 2453 372 2537 evenit,
399 2456 437 2516 ut
461 2453 497 2516 in
523 2454 639 2537 volgus
665 2453 887 2537 insipientium
920 2453 1029 2537 opinio
1064 2457 1170 2520 valeat

163 2541 356 2624 honestatiS,
387 2562 461 2605 cum
491 2541 595 2624 ipsam
626 2540 734 2605 videre
766 2563 833 2606 non
866 2543 1003 2624 possint.
1057 2541 1169 2627 Itaque

163 2628 252 2692 fama
279 2632 312 2692 et
338 2628 555 2692 multitudinis
582 2628 700 2693 iudicio
730 2632 911 2711 moventur,
944 2651 1015 2694 cum
1047 2631 1081 2694 id
1113 2630 1170 2696 ho·

163 2721 292 2780 nestum
313 2719 442 2799 putent,
465 2715 550 2800 quod
569 2738 588 2779 a
605 2717 766 2799 plerisque
789 2716 945 2781 laudetur.
981 2716 1026 2780 Te
1050 2722 1169 2801 autem,

165 2805 194 2868 si
216 2805 251 2867 in
274 2804 375 2868 oculis
399 2804 443 2866 sis
466 2803 696 2881 multitudinis,
719 2808 828 2867 tamen
852 2804 921 2868 eius
944 2804 1062 2869 iudicio
1082 2809 1169 2870 stare

163 2891 263 2955 nolim
281 2913 354 2973 nec,
372 2891 457 2973 quod
474 2890 533 2954 illa
549 2894 655 2974 putet,
673 2890 759 2954 idem
777 2896 890 2974 putare
908 2892 1169 2975 pulcherrimum.

128 3018 131 3025 ·
163 2979 233 3042 Tuo
260 2979 322 3041 tibi
349 2977 468 3043 iudicio
496 2981 547 3042 est
572 2977 739 3061 utendum3
766 2979 828 3042 tibi
857 2980 885 3042 si
907 2983 997 3043 recta
1018 2981 1170 3063 probanti

163 3065 318 3149 placebis,
340 3067 410 3128 tum
427 3085 493 3128 non
511 3065 679 3130 modot
630 3069 697 3130 tete
719 3065 847 3144 viceris,
871 3067 956 3149 quod
977 3068 1170 3149 pauloe
1096 3072 1170 3132 ante

113 3175 146 3224 ιι,
164 3153 415 3236 praecipiebam,
443 3151 499 3216 sed
526 3153 636 3217 omnis
658 3157 690 3216 et
717 3154 833 3218 omnia.
877 3153 949 3218 Hoc
976 3155 1079 3238 igitur
1109 3156 1170 3220 tibi

162 3262 320 3325 propone,
343 3240 459 3323 amplit
445 3239 589 3303 tudinem
608 3241 708 3304 animi
726 3244 759 3304 et
782 3242 874 3342 quasi
895 3242 1056 3325 quandam
1075 3263 1170 3344 erag-

164 3328 363 3410 gerationem
399 3350 495 3411 quam
532 3327 723 3392 altissimam
760 3329 872 3414 animi,
913 3351 993 3412 quse
1031 3332 1170 3395 maxime

164 3413 284 3477 eminet
306 3414 603 3480 contemnendiset
626 3415 838 3499 despiciendis
863 3379 1044 3501 doloribus,
1072 3441 1171 3483 unam

65 3520 234 3712 Ἴθιθ
261 3502 404 3566 omnium
432 3523 501 3566 rem
527 3502 789 3587 pulcherrimam,
817 3525 917 3588 eoque
941 3468 1171 3590 pulcllriorem,
