<?xml version="1.0" encoding="UTF-8"?>
<!DOCTYPE html PUBLIC "-//W3C//DTD XHTML 1.0 Transitional//EN"
    "http://www.w3.org/TR/xhtml1/DTD/xhtml1-transitional.dtd">
<html xmlns="http://www.w3.org/1999/xhtml" xml:lang="en" lang="en">
 <head>
  <title>
</title>
<meta http-equiv="Content-Type" content="text/html;charset=utf-8" />
  <meta name='ocr-system' content='tesseract 3.04.00' />
  <meta name='ocr-capabilities' content='ocr_page ocr_carea ocr_par ocr_line ocrx_word'/>
</head>
<body>
  <div class='ocr_page' id='page_1' title='image "./cicerosphilosop00cicegoog_0472.png"; bbox 0 0 2446 3944; ppageno 0'>
   <div class='ocr_carea' id='block_1_1' title="bbox 536 154 776 219">
    <p class='ocr_par' dir='ltr' id='par_1_1' title="bbox 536 154 776 219">
     <span class='ocr_line' id='line_1_1' title="bbox 536 154 776 219; baseline -0.008 0"><span class='ocrx_word' id='word_1_1' title='bbox 536 154 776 219; x_wconf 83' lang='lat'>-456-</span> 
     </span>
    </p>
   </div>
   <div class='ocr_carea' id='block_1_2' title="bbox 104 311 1173 3389">
    <p class='ocr_par' dir='ltr' id='par_1_2' title="bbox 156 311 1173 400">
     <span class='ocr_line' id='line_1_2' title="bbox 156 311 1173 400; baseline 0.001 -22"><span class='ocrx_word' id='word_1_2' title='bbox 156 315 277 398; x_wconf 87' lang='lat' dir='ltr'>ipsum,</span> <span class='ocrx_word' id='word_1_3' title='bbox 300 313 376 398; x_wconf 92' lang='lat' dir='ltr'>quia</span> <span class='ocrx_word' id='word_1_4' title='bbox 398 313 491 378; x_wconf 93' lang='lat' dir='ltr'>dolor</span> <span class='ocrx_word' id='word_1_5' title='bbox 513 313 568 391; x_wconf 89' lang='lat' dir='ltr'>sit,</span> <span class='ocrx_word' id='word_1_6' title='bbox 592 335 718 396; x_wconf 90' lang='lat' dir='ltr'>semper</span> <span class='ocrx_word' id='word_1_7' title='bbox 738 334 807 378; x_wconf 88' lang='lat' dir='ltr'>esse</span> <span class='ocrx_word' id='word_1_8' title='bbox 829 311 1037 400; x_wconf 81' lang='lat' dir='ltr'>fugiendum3</span> <span class='ocrx_word' id='word_1_9' title='bbox 1061 314 1173 400; x_wconf 82' lang='lat' dir='ltr'>itaque</span> 
     </span>
    </p>

    <p class='ocr_par' dir='ltr' id='par_1_3' title="bbox 157 401 1170 488">
     <span class='ocr_line' id='line_1_3' title="bbox 157 401 1170 488; baseline 0.002 -21"><span class='ocrx_word' id='word_1_10' title='bbox 157 403 219 467; x_wconf 87' lang='lat' dir='ltr'>hae</span> <span class='ocrx_word' id='word_1_11' title='bbox 246 422 379 466; x_wconf 89' lang='lat' dir='ltr'>usurum</span> <span class='ocrx_word' id='word_1_12' title='bbox 407 401 668 483; x_wconf 77' lang='lat' dir='ltr'>compensatione</span> <span class='ocrx_word' id='word_1_13' title='bbox 700 401 892 485; x_wconf 76' lang='lat' dir='ltr'>sapientem,</span> <span class='ocrx_word' id='word_1_14' title='bbox 924 406 962 466; x_wconf 88' lang='lat' dir='ltr'>ut</span> <span class='ocrx_word' id='word_1_15' title='bbox 991 405 1028 467; x_wconf 88' lang='lat' dir='ltr'>et</span> <span class='ocrx_word' id='word_1_16' title='bbox 1056 405 1170 488; x_wconf 81' lang='lat' dir='ltr'>volup</span> 
     </span>
    </p>

    <p class='ocr_par' dir='ltr' id='par_1_4' title="bbox 156 489 1172 575">
     <span class='ocr_line' id='line_1_4' title="bbox 156 489 1172 575; baseline 0.002 -21"><span class='ocrx_word' id='word_1_17' title='bbox 156 494 259 555; x_wconf 88' lang='lat' dir='ltr'>tatem</span> <span class='ocrx_word' id='word_1_18' title='bbox 281 489 401 574; x_wconf 84' lang='lat' dir='ltr'>fugiat,</span> <span class='ocrx_word' id='word_1_19' title='bbox 424 489 452 552; x_wconf 90' lang='lat' dir='ltr'>si</span> <span class='ocrx_word' id='word_1_20' title='bbox 475 510 513 553; x_wconf 91' lang='lat' dir='ltr'>ea</span> <span class='ocrx_word' id='word_1_21' title='bbox 535 490 692 554; x_wconf 85' lang='lat' dir='ltr'>maiorem</span> <span class='ocrx_word' id='word_1_22' title='bbox 715 490 857 554; x_wconf 90' lang='lat' dir='ltr'>dolorem</span> <span class='ocrx_word' id='word_1_23' title='bbox 880 490 1038 556; x_wconf 87' lang='lat' dir='ltr'>effectura</span> <span class='ocrx_word' id='word_1_24' title='bbox 1062 492 1117 575; x_wconf 80' lang='lat' dir='ltr'>sit,</span> <span class='ocrx_word' id='word_1_25' title='bbox 1140 495 1172 556; x_wconf 90' lang='lat' dir='ltr'>et</span> 
     </span>
    </p>

    <p class='ocr_par' dir='ltr' id='par_1_5' title="bbox 157 576 1169 664">
     <span class='ocr_line' id='line_1_5' title="bbox 157 576 1169 664; baseline 0 -21"><span class='ocrx_word' id='word_1_26' title='bbox 157 579 301 644; x_wconf 89' lang='lat' dir='ltr'>dolorem</span> <span class='ocrx_word' id='word_1_27' title='bbox 340 576 498 659; x_wconf 90' lang='lat' dir='ltr'>suscipiat</span> <span class='ocrx_word' id='word_1_28' title='bbox 532 578 687 643; x_wconf 89' lang='lat' dir='ltr'>maiorem</span> <span class='ocrx_word' id='word_1_29' title='bbox 725 577 918 642; x_wconf 87' lang='lat' dir='ltr'>efficientem</span> <span class='ocrx_word' id='word_1_30' title='bbox 953 578 1169 664; x_wconf 81' lang='lat' dir='ltr'>voluptatem,</span> 
     </span>
    </p>

    <p class='ocr_par' dir='ltr' id='par_1_6' title="bbox 104 664 1169 1366">
     <span class='ocr_line' id='line_1_6' title="bbox 158 664 1168 751; baseline 0 -19"><span class='ocrx_word' id='word_1_31' title='bbox 158 667 328 750; x_wconf 86' lang='lat' dir='ltr'>omniaque</span> <span class='ocrx_word' id='word_1_32' title='bbox 350 664 502 748; x_wconf 84' lang='lat' dir='ltr'>iucunda,</span> <span class='ocrx_word' id='word_1_33' title='bbox 525 687 718 751; x_wconf 90' lang='lat' dir='ltr'>quamquam</span> <span class='ocrx_word' id='word_1_34' title='bbox 737 687 833 730; x_wconf 80' lang='lat' dir='ltr'>sensu</span> <span class='ocrx_word' id='word_1_35' title='bbox 856 665 1001 748; x_wconf 87' lang='lat' dir='ltr'>corporis</span> <span class='ocrx_word' id='word_1_36' title='bbox 1025 667 1168 732; x_wconf 87' lang='lat' dir='ltr'>indicen-</span> 
     </span>
     <span class='ocr_line' id='line_1_7' title="bbox 104 753 1168 840; baseline -0.001 -19"><span class='ocrx_word' id='word_1_37' title='bbox 104 773 139 821; x_wconf 81' lang='lat' dir='ltr'>cs</span> <span class='ocrx_word' id='word_1_38' title='bbox 157 757 223 838; x_wconf 89' lang='lat' dir='ltr'>tur,</span> <span class='ocrx_word' id='word_1_39' title='bbox 246 754 286 818; x_wconf 89' lang='lat' dir='ltr'>ad</span> <span class='ocrx_word' id='word_1_40' title='bbox 309 753 453 817; x_wconf 91' lang='lat' dir='ltr'>animum</span> <span class='ocrx_word' id='word_1_41' title='bbox 476 753 590 818; x_wconf 89' lang='lat' dir='ltr'>referri</span> <span class='ocrx_word' id='word_1_42' title='bbox 611 758 728 819; x_wconf 89' lang='lat' dir='ltr'>tamen.</span> <span class='ocrx_word' id='word_1_43' title='bbox 766 753 924 830; x_wconf 84' lang='lat' dir='ltr'>Quocirca</span> <span class='ocrx_word' id='word_1_44' title='bbox 946 775 1067 837; x_wconf 88' lang='lat' dir='ltr'>eorpus</span> <span class='ocrx_word' id='word_1_45' title='bbox 1090 776 1168 840; x_wconf 85' lang='lat' dir='ltr'>gau·</span> 
     </span>
     <span class='ocr_line' id='line_1_8' title="bbox 157 840 1169 926; baseline 0.002 -20"><span class='ocrx_word' id='word_1_46' title='bbox 157 842 230 907; x_wconf 89' lang='lat' dir='ltr'>dere</span> <span class='ocrx_word' id='word_1_47' title='bbox 256 845 326 905; x_wconf 91' lang='lat' dir='ltr'>tam</span> <span class='ocrx_word' id='word_1_48' title='bbox 353 840 421 924; x_wconf 85' lang='lat' dir='ltr'>diu,</span> <span class='ocrx_word' id='word_1_49' title='bbox 454 840 530 905; x_wconf 91' lang='lat' dir='ltr'>dum</span> <span class='ocrx_word' id='word_1_50' title='bbox 561 845 762 926; x_wconf 77' lang='lat' dir='ltr'>praesentem</span> <span class='ocrx_word' id='word_1_51' title='bbox 790 843 924 906; x_wconf 73' lang='lat' dir='ltr'>sentiret</span> <span class='ocrx_word' id='word_1_52' title='bbox 954 841 1169 926; x_wconf 89' lang='lat' dir='ltr'>voluptatem,</span> 
     </span>
     <span class='ocr_line' id='line_1_9' title="bbox 157 929 1168 1014; baseline -0.001 -19"><span class='ocrx_word' id='word_1_53' title='bbox 157 929 301 995; x_wconf 86' lang='lat' dir='ltr'>animum</span> <span class='ocrx_word' id='word_1_54' title='bbox 324 931 357 992; x_wconf 92' lang='lat' dir='ltr'>et</span> <span class='ocrx_word' id='word_1_55' title='bbox 378 933 579 1012; x_wconf 83' lang='lat' dir='ltr'>praesentem</span> <span class='ocrx_word' id='word_1_56' title='bbox 602 930 765 1014; x_wconf 82' lang='lat' dir='ltr'>percipere</span> <span class='ocrx_word' id='word_1_57' title='bbox 788 930 910 1012; x_wconf 89' lang='lat' dir='ltr'>pariter</span> <span class='ocrx_word' id='word_1_58' title='bbox 932 951 1006 994; x_wconf 90' lang='lat' dir='ltr'>cum</span> <span class='ocrx_word' id='word_1_59' title='bbox 1031 952 1168 1014; x_wconf 88' lang='lat' dir='ltr'>corpore</span> 
     </span>
     <span class='ocr_line' id='line_1_10' title="bbox 157 1016 1168 1100; baseline 0.001 -18"><span class='ocrx_word' id='word_1_60' title='bbox 157 1021 191 1082; x_wconf 91' lang='lat' dir='ltr'>et</span> <span class='ocrx_word' id='word_1_61' title='bbox 211 1017 395 1100; x_wconf 86' lang='lat' dir='ltr'>prospicere</span> <span class='ocrx_word' id='word_1_62' title='bbox 417 1016 600 1082; x_wconf 84' lang='lat' dir='ltr'>venientem</span> <span class='ocrx_word' id='word_1_63' title='bbox 621 1039 680 1083; x_wconf 90' lang='lat' dir='ltr'>nec</span> <span class='ocrx_word' id='word_1_64' title='bbox 702 1018 911 1100; x_wconf 85' lang='lat' dir='ltr'>praeteritam</span> <span class='ocrx_word' id='word_1_65' title='bbox 937 1019 1168 1100; x_wconf 85' lang='lat' dir='ltr'>praeterfluere</span> 
     </span>
     <span class='ocr_line' id='line_1_11' title="bbox 158 1104 1168 1187; baseline 0.001 -18"><span class='ocrx_word' id='word_1_66' title='bbox 158 1106 270 1170; x_wconf 87' lang='lat' dir='ltr'>sinere.</span> <span class='ocrx_word' id='word_1_67' title='bbox 318 1105 372 1170; x_wconf 87' lang='lat' dir='ltr'>Ita</span> <span class='ocrx_word' id='word_1_68' title='bbox 397 1107 569 1187; x_wconf 89' lang='lat' dir='ltr'>perpetuas</span> <span class='ocrx_word' id='word_1_69' title='bbox 597 1109 630 1172; x_wconf 93' lang='lat' dir='ltr'>et</span> <span class='ocrx_word' id='word_1_70' title='bbox 653 1110 817 1172; x_wconf 82' lang='lat' dir='ltr'>contextas</span> <span class='ocrx_word' id='word_1_71' title='bbox 843 1104 1033 1187; x_wconf 83' lang='lat' dir='ltr'>voluptates</span> <span class='ocrx_word' id='word_1_72' title='bbox 1062 1105 1099 1171; x_wconf 91' lang='lat' dir='ltr'>in</span> <span class='ocrx_word' id='word_1_73' title='bbox 1122 1129 1168 1170; x_wconf 91' lang='lat' dir='ltr'>sa·</span> 
     </span>
     <span class='ocr_line' id='line_1_12' title="bbox 156 1191 1167 1278; baseline 0.002 -21"><span class='ocrx_word' id='word_1_74' title='bbox 156 1195 263 1277; x_wconf 87' lang='lat' dir='ltr'>piente</span> <span class='ocrx_word' id='word_1_75' title='bbox 285 1191 355 1257; x_wconf 86' lang='lat' dir='ltr'>fore</span> <span class='ocrx_word' id='word_1_76' title='bbox 379 1213 518 1278; x_wconf 84' lang='lat' dir='ltr'>semper,</span> <span class='ocrx_word' id='word_1_77' title='bbox 541 1216 613 1258; x_wconf 92' lang='lat' dir='ltr'>cum</span> <span class='ocrx_word' id='word_1_78' title='bbox 632 1195 812 1278; x_wconf 85' lang='lat' dir='ltr'>expectatio</span> <span class='ocrx_word' id='word_1_79' title='bbox 831 1196 1035 1277; x_wconf 87' lang='lat' dir='ltr'>speratarum</span> <span class='ocrx_word' id='word_1_80' title='bbox 1053 1193 1167 1278; x_wconf 87' lang='lat' dir='ltr'>volup·</span> 
     </span>
     <span class='ocr_line' id='line_1_13' title="bbox 156 1283 991 1366; baseline -0.004 -20"><span class='ocrx_word' id='word_1_81' title='bbox 156 1285 262 1346; x_wconf 87' lang='lat' dir='ltr'>tatum</span> <span class='ocrx_word' id='word_1_82' title='bbox 284 1301 353 1345; x_wconf 81' lang='lat' dir='ltr'>cnm</span> <span class='ocrx_word' id='word_1_83' title='bbox 374 1285 598 1364; x_wconf 84' lang='lat' dir='ltr'>perceptarum</span> <span class='ocrx_word' id='word_1_84' title='bbox 620 1283 775 1348; x_wconf 89' lang='lat' dir='ltr'>memoria</span> <span class='ocrx_word' id='word_1_85' title='bbox 796 1283 991 1366; x_wconf 87' lang='lat' dir='ltr'>iungeretur.</span> 
     </span>
    </p>

    <p class='ocr_par' dir='ltr' id='par_1_7' title="bbox 105 1367 1168 2508">
     <span class='ocr_line' id='line_1_14' title="bbox 223 1367 1167 1453; baseline 0.003 -20"><span class='ocrx_word' id='word_1_86' title='bbox 223 1368 332 1452; x_wconf 85' lang='lat' dir='ltr'>Atque</span> <span class='ocrx_word' id='word_1_87' title='bbox 358 1367 410 1432; x_wconf 92' lang='lat' dir='ltr'>his</span> <span class='ocrx_word' id='word_1_88' title='bbox 439 1368 557 1433; x_wconf 86' lang='lat' dir='ltr'>similia</span> <span class='ocrx_word' id='word_1_89' title='bbox 583 1370 624 1434; x_wconf 90' lang='lat' dir='ltr'>ad</span> <span class='ocrx_word' id='word_1_90' title='bbox 647 1372 769 1436; x_wconf 87' lang='lat' dir='ltr'>victum</span> <span class='ocrx_word' id='word_1_91' title='bbox 796 1369 894 1434; x_wconf 91' lang='lat' dir='ltr'>etiam</span> <span class='ocrx_word' id='word_1_92' title='bbox 916 1369 1167 1453; x_wconf 86' lang='lat' dir='ltr'>transferuntur,</span> 
     </span>
     <span class='ocr_line' id='line_1_15' title="bbox 158 1455 1167 1543; baseline 0.002 -21"><span class='ocrx_word' id='word_1_93' title='bbox 158 1460 409 1539; x_wconf 84' lang='lat' dir='ltr'>extenuaturque</span> <span class='ocrx_word' id='word_1_94' title='bbox 423 1458 665 1543; x_wconf 82' lang='lat' dir='ltr'>magnificentia</span> <span class='ocrx_word' id='word_1_95' title='bbox 679 1461 712 1523; x_wconf 90' lang='lat' dir='ltr'>et</span> <span class='ocrx_word' id='word_1_96' title='bbox 726 1462 872 1541; x_wconf 90' lang='lat' dir='ltr'>sumptus</span> <span class='ocrx_word' id='word_1_97' title='bbox 887 1455 1068 1541; x_wconf 85' lang='lat' dir='ltr'>epularum,</span> <span class='ocrx_word' id='word_1_98' title='bbox 1081 1459 1167 1542; x_wconf 91' lang='lat' dir='ltr'>quod</span> 
     </span>
     <span class='ocr_line' id='line_1_16' title="bbox 157 1544 1167 1628; baseline 0.002 -20"><span class='ocrx_word' id='word_1_99' title='bbox 157 1567 257 1628; x_wconf 82' lang='lat' dir='ltr'>parvo</span> <span class='ocrx_word' id='word_1_100' title='bbox 277 1544 365 1609; x_wconf 87' lang='lat' dir='ltr'>cultu</span> <span class='ocrx_word' id='word_1_101' title='bbox 382 1549 499 1610; x_wconf 89' lang='lat' dir='ltr'>natura</span> <span class='ocrx_word' id='word_1_102' title='bbox 517 1550 669 1611; x_wconf 88' lang='lat' dir='ltr'>contenta</span> <span class='ocrx_word' id='word_1_103' title='bbox 688 1546 740 1612; x_wconf 87' lang='lat' dir='ltr'>sit.</span> <span class='ocrx_word' id='word_1_104' title='bbox 774 1545 906 1611; x_wconf 85' lang='lat' dir='ltr'>Etenim</span> <span class='ocrx_word' id='word_1_105' title='bbox 924 1544 997 1627; x_wconf 86' lang='lat' dir='ltr'>quis</span> <span class='ocrx_word' id='word_1_106' title='bbox 1020 1546 1085 1612; x_wconf 88' lang='lat' dir='ltr'>hoe</span> <span class='ocrx_word' id='word_1_107' title='bbox 1102 1569 1167 1611; x_wconf 91' lang='grc' dir='ltr'>ιιοιι</span> 
     </span>
     <span class='ocr_line' id='line_1_17' title="bbox 157 1631 1168 1720; baseline 0.001 -22"><span class='ocrx_word' id='word_1_108' title='bbox 157 1633 258 1715; x_wconf 85' lang='lat' dir='ltr'>videt,</span> <span class='ocrx_word' id='word_1_109' title='bbox 282 1631 448 1697; x_wconf 88' lang='lat' dir='ltr'>desideriis</span> <span class='ocrx_word' id='word_1_110' title='bbox 472 1633 582 1699; x_wconf 88' lang='lat' dir='ltr'>omnia</span> <span class='ocrx_word' id='word_1_111' title='bbox 604 1635 669 1699; x_wconf 91' lang='lat' dir='ltr'>ista</span> <span class='ocrx_word' id='word_1_112' title='bbox 692 1634 837 1699; x_wconf 81' lang='lat' dir='ltr'>condiri?</span> <span class='ocrx_word' id='word_1_113' title='bbox 886 1632 1006 1697; x_wconf 87' lang='lat' dir='ltr'>Darius</span> <span class='ocrx_word' id='word_1_114' title='bbox 1031 1633 1068 1699; x_wconf 91' lang='lat' dir='ltr'>in</span> <span class='ocrx_word' id='word_1_115' title='bbox 1090 1634 1168 1720; x_wconf 85' lang='lat' dir='ltr'>fuga</span> 
     </span>
     <span class='ocr_line' id='line_1_18' title="bbox 158 1720 1167 1804; baseline 0.001 -18"><span class='ocrx_word' id='word_1_116' title='bbox 158 1743 231 1786; x_wconf 92' lang='lat' dir='ltr'>cum</span> <span class='ocrx_word' id='word_1_117' title='bbox 259 1741 375 1804; x_wconf 86' lang='lat' dir='ltr'>aquam</span> <span class='ocrx_word' id='word_1_118' title='bbox 403 1722 567 1786; x_wconf 87' lang='lat' dir='ltr'>turbidam</span> <span class='ocrx_word' id='word_1_119' title='bbox 595 1727 627 1788; x_wconf 88' lang='lat' dir='ltr'>et</span> <span class='ocrx_word' id='word_1_120' title='bbox 654 1722 861 1788; x_wconf 87' lang='lat' dir='ltr'>cadaveribus</span> <span class='ocrx_word' id='word_1_121' title='bbox 889 1720 1097 1804; x_wconf 87' lang='lat' dir='ltr'>inquinatam</span> <span class='ocrx_word' id='word_1_122' title='bbox 1121 1723 1167 1787; x_wconf 92' lang='lat' dir='ltr'>bi·</span> 
     </span>
     <span class='ocr_line' id='line_1_19' title="bbox 158 1806 1166 1893; baseline 0.002 -20"><span class='ocrx_word' id='word_1_123' title='bbox 158 1810 272 1892; x_wconf 88' lang='lat' dir='ltr'>bisset,</span> <span class='ocrx_word' id='word_1_124' title='bbox 299 1806 431 1891; x_wconf 85' lang='lat' dir='ltr'>negavit</span> <span class='ocrx_word' id='word_1_125' title='bbox 457 1832 609 1893; x_wconf 89' lang='lat' dir='ltr'>umquam</span> <span class='ocrx_word' id='word_1_126' title='bbox 633 1833 667 1876; x_wconf 88' lang='lat' dir='ltr'>se</span> <span class='ocrx_word' id='word_1_127' title='bbox 696 1810 818 1875; x_wconf 88' lang='lat' dir='ltr'>bibisse</span> <span class='ocrx_word' id='word_1_128' title='bbox 840 1808 1019 1873; x_wconf 91' lang='lat' dir='ltr'>iucundius.</span> <span class='ocrx_word' id='word_1_129' title='bbox 1066 1808 1166 1875; x_wconf 90' lang='lat' dir='ltr'>Num·</span> 
     </span>
     <span class='ocr_line' id='line_1_20' title="bbox 159 1894 1166 1983; baseline 0 -21"><span class='ocrx_word' id='word_1_130' title='bbox 159 1918 256 1983; x_wconf 88' lang='lat' dir='ltr'>quam</span> <span class='ocrx_word' id='word_1_131' title='bbox 282 1894 431 1962; x_wconf 87' lang='lat' dir='ltr'>videlicet</span> <span class='ocrx_word' id='word_1_132' title='bbox 462 1897 573 1962; x_wconf 88' lang='lat' dir='ltr'>sitiens</span> <span class='ocrx_word' id='word_1_133' title='bbox 600 1899 737 1963; x_wconf 87' lang='lat' dir='ltr'>biberat.</span> <span class='ocrx_word' id='word_1_134' title='bbox 784 1897 853 1964; x_wconf 91' lang='lat' dir='ltr'>Nec</span> <span class='ocrx_word' id='word_1_135' title='bbox 880 1897 1025 1962; x_wconf 85' lang='lat' dir='ltr'>esuriens</span> <span class='ocrx_word' id='word_1_136' title='bbox 1056 1897 1166 1964; x_wconf 92' lang='lat' dir='ltr'>Ptolo·</span> 
     </span>
     <span class='ocr_line' id='line_1_21' title="bbox 158 1983 1165 2072; baseline 0.001 -23"><span class='ocrx_word' id='word_1_137' title='bbox 158 2005 269 2049; x_wconf 88' lang='lat' dir='ltr'>maeus</span> <span class='ocrx_word' id='word_1_138' title='bbox 293 1983 415 2070; x_wconf 80' lang='lat' dir='ltr'>ederat3</span> <span class='ocrx_word' id='word_1_139' title='bbox 442 1986 588 2051; x_wconf 88' lang='lat' dir='ltr'>cuicum</span> <span class='ocrx_word' id='word_1_140' title='bbox 614 1986 801 2072; x_wconf 82' lang='lat' dir='ltr'>peragranti</span> <span class='ocrx_word' id='word_1_141' title='bbox 823 1986 1010 2070; x_wconf 81' lang='lat' dir='ltr'>Aegyptum</span> <span class='ocrx_word' id='word_1_142' title='bbox 1040 1986 1165 2052; x_wconf 86' lang='lat' dir='ltr'>comiti·</span> 
     </span>
     <span class='ocr_line' id='line_1_22' title="bbox 158 2073 1166 2157; baseline 0.001 -20"><span class='ocrx_word' id='word_1_143' title='bbox 158 2073 219 2137; x_wconf 89' lang='lat' dir='ltr'>bus</span> <span class='ocrx_word' id='word_1_144' title='bbox 242 2093 308 2136; x_wconf 92' lang='lat' dir='ltr'>ncn</span> <span class='ocrx_word' id='word_1_145' title='bbox 331 2073 510 2137; x_wconf 89' lang='lat' dir='ltr'>consecutis</span> <span class='ocrx_word' id='word_1_146' title='bbox 529 2074 668 2139; x_wconf 89' lang='lat' dir='ltr'>cibarius</span> <span class='ocrx_word' id='word_1_147' title='bbox 691 2076 726 2138; x_wconf 91' lang='lat' dir='ltr'>in</span> <span class='ocrx_word' id='word_1_148' title='bbox 744 2096 818 2139; x_wconf 89' lang='lat' dir='ltr'>casa</span> <span class='ocrx_word' id='word_1_149' title='bbox 840 2073 934 2157; x_wconf 88' lang='lat' dir='ltr'>panis</span> <span class='ocrx_word' id='word_1_150' title='bbox 957 2073 1054 2138; x_wconf 88' lang='lat' dir='ltr'>datus</span> <span class='ocrx_word' id='word_1_151' title='bbox 1075 2077 1166 2157; x_wconf 81' lang='lat' dir='ltr'>esset,</span> 
     </span>
     <span class='ocr_line' id='line_1_23' title="bbox 157 2158 1166 2244; baseline 0 -19"><span class='ocrx_word' id='word_1_152' title='bbox 157 2159 242 2225; x_wconf 90' lang='lat' dir='ltr'>nihil</span> <span class='ocrx_word' id='word_1_153' title='bbox 264 2159 369 2222; x_wconf 89' lang='lat' dir='ltr'>visum</span> <span class='ocrx_word' id='word_1_154' title='bbox 393 2164 443 2225; x_wconf 89' lang='lat' dir='ltr'>est</span> <span class='ocrx_word' id='word_1_155' title='bbox 463 2161 521 2226; x_wconf 94' lang='lat' dir='ltr'>illo</span> <span class='ocrx_word' id='word_1_156' title='bbox 544 2183 627 2244; x_wconf 88' lang='lat' dir='ltr'>pane</span> <span class='ocrx_word' id='word_1_157' title='bbox 649 2162 825 2227; x_wconf 89' lang='lat' dir='ltr'>iucundius.</span> <span class='ocrx_word' id='word_1_158' title='bbox 870 2158 1025 2225; x_wconf 80' lang='lat' dir='ltr'>Socraten</span> <span class='ocrx_word' id='word_1_159' title='bbox 1050 2161 1166 2241; x_wconf 88' lang='lat' dir='ltr'>ferunt,</span> 
     </span>
     <span class='ocr_line' id='line_1_24' title="bbox 160 2249 1167 2334; baseline 0.002 -22"><span class='ocrx_word' id='word_1_160' title='bbox 160 2269 231 2312; x_wconf 90' lang='lat' dir='ltr'>cum</span> <span class='ocrx_word' id='word_1_161' title='bbox 254 2267 355 2329; x_wconf 88' lang='lat' dir='ltr'>usque</span> <span class='ocrx_word' id='word_1_162' title='bbox 378 2249 418 2313; x_wconf 92' lang='lat' dir='ltr'>ad</span> <span class='ocrx_word' id='word_1_163' title='bbox 439 2271 610 2332; x_wconf 84' lang='lat' dir='ltr'>vesperum</span> <span class='ocrx_word' id='word_1_164' title='bbox 628 2251 810 2315; x_wconf 87' lang='lat' dir='ltr'>contentius</span> <span class='ocrx_word' id='word_1_165' title='bbox 837 2249 1018 2314; x_wconf 87' lang='lat' dir='ltr'>ambularet</span> <span class='ocrx_word' id='word_1_166' title='bbox 1041 2250 1167 2334; x_wconf 87' lang='lat' dir='ltr'>quaesi-</span> 
     </span>
     <span class='ocr_line' id='line_1_25' title="bbox 159 2337 1167 2421; baseline 0.002 -21"><span class='ocrx_word' id='word_1_167' title='bbox 159 2341 292 2420; x_wconf 89' lang='lat' dir='ltr'>tumque</span> <span class='ocrx_word' id='word_1_168' title='bbox 316 2340 402 2400; x_wconf 89' lang='lat' dir='ltr'>esset</span> <span class='ocrx_word' id='word_1_169' title='bbox 424 2358 462 2401; x_wconf 90' lang='lat' dir='ltr'>ex</span> <span class='ocrx_word' id='word_1_170' title='bbox 485 2358 537 2420; x_wconf 88' lang='lat' dir='ltr'>eo,</span> <span class='ocrx_word' id='word_1_171' title='bbox 560 2359 658 2421; x_wconf 87' lang='lat' dir='ltr'>quare</span> <span class='ocrx_word' id='word_1_172' title='bbox 680 2338 714 2402; x_wconf 92' lang='lat' dir='ltr'>id</span> <span class='ocrx_word' id='word_1_173' title='bbox 735 2337 868 2420; x_wconf 85' lang='lat' dir='ltr'>faceret,</span> <span class='ocrx_word' id='word_1_174' title='bbox 894 2337 1102 2420; x_wconf 89' lang='lat' dir='ltr'>respondisse</span> <span class='ocrx_word' id='word_1_175' title='bbox 1125 2359 1167 2420; x_wconf 86' lang='lat' dir='ltr'>sa,</span> 
     </span>
     <span class='ocr_line' id='line_1_26' title="bbox 105 2422 1166 2508; baseline 0.001 -20"><span class='ocrx_word' id='word_1_176' title='bbox 105 2450 140 2499; x_wconf 79' lang='lat'>98</span> <span class='ocrx_word' id='word_1_177' title='bbox 160 2445 221 2507; x_wconf 94' lang='lat' dir='ltr'>quo</span> <span class='ocrx_word' id='word_1_178' title='bbox 236 2422 352 2486; x_wconf 90' lang='lat' dir='ltr'>melius</span> <span class='ocrx_word' id='word_1_179' title='bbox 366 2428 503 2508; x_wconf 85' lang='lat' dir='ltr'>cenaret,</span> <span class='ocrx_word' id='word_1_180' title='bbox 517 2425 674 2490; x_wconf 90' lang='lat' dir='ltr'>obsonare</span> <span class='ocrx_word' id='word_1_181' title='bbox 689 2425 883 2491; x_wconf 87' lang='lat' dir='ltr'>ambulando</span> <span class='ocrx_word' id='word_1_182' title='bbox 897 2425 1024 2490; x_wconf 89' lang='lat' dir='ltr'>famem.</span> <span class='ocrx_word' id='word_1_183' title='bbox 1062 2425 1166 2502; x_wconf 79' lang='lat' dir='ltr'>Quid?</span> 
     </span>
    </p>

    <p class='ocr_par' dir='ltr' id='par_1_8' title="bbox 158 2508 1166 2596">
     <span class='ocr_line' id='line_1_27' title="bbox 158 2508 1166 2596; baseline 0 -19"><span class='ocrx_word' id='word_1_184' title='bbox 158 2512 281 2577; x_wconf 84' lang='lat' dir='ltr'>victum</span> <span class='ocrx_word' id='word_1_185' title='bbox 299 2508 626 2578; x_wconf 84' lang='lat' dir='ltr'>Lacedaemoniorum</span> <span class='ocrx_word' id='word_1_186' title='bbox 649 2513 684 2578; x_wconf 91' lang='lat' dir='ltr'>in</span> <span class='ocrx_word' id='word_1_187' title='bbox 705 2514 845 2596; x_wconf 89' lang='lat' dir='ltr'>philitiis</span> <span class='ocrx_word' id='word_1_188' title='bbox 867 2534 973 2579; x_wconf 89' lang='lat' dir='ltr'>nonne</span> <span class='ocrx_word' id='word_1_189' title='bbox 996 2512 1166 2579; x_wconf 78' lang='lat' dir='ltr'>videmus?</span> 
     </span>
    </p>

    <p class='ocr_par' dir='ltr' id='par_1_9' title="bbox 159 2599 1166 2685">
     <span class='ocr_line' id='line_1_28' title="bbox 159 2599 1166 2685; baseline 0 -20"><span class='ocrx_word' id='word_1_190' title='bbox 159 2599 224 2665; x_wconf 92' lang='lat' dir='ltr'>Ubi</span> <span class='ocrx_word' id='word_1_191' title='bbox 253 2620 324 2663; x_wconf 91' lang='lat' dir='ltr'>cum</span> <span class='ocrx_word' id='word_1_192' title='bbox 351 2605 507 2684; x_wconf 88' lang='lat' dir='ltr'>tyrannus</span> <span class='ocrx_word' id='word_1_193' title='bbox 540 2602 719 2666; x_wconf 79' lang='lat' dir='ltr'>cenavisset</span> <span class='ocrx_word' id='word_1_194' title='bbox 744 2601 936 2685; x_wconf 89' lang='lat' dir='ltr'>Dionysius,</span> <span class='ocrx_word' id='word_1_195' title='bbox 966 2603 1103 2685; x_wconf 82' lang='lat' dir='ltr'>negavit</span> <span class='ocrx_word' id='word_1_196' title='bbox 1133 2623 1166 2667; x_wconf 91' lang='lat' dir='ltr'>se</span> 
     </span>
    </p>

    <p class='ocr_par' dir='ltr' id='par_1_10' title="bbox 158 2686 1167 2772">
     <span class='ocr_line' id='line_1_29' title="bbox 158 2686 1167 2772; baseline 0.003 -21"><span class='ocrx_word' id='word_1_197' title='bbox 158 2688 227 2751; x_wconf 87' lang='lat' dir='ltr'>iure</span> <span class='ocrx_word' id='word_1_198' title='bbox 253 2686 313 2751; x_wconf 92' lang='lat' dir='ltr'>illo</span> <span class='ocrx_word' id='word_1_199' title='bbox 339 2690 445 2772; x_wconf 88' lang='lat' dir='ltr'>nigro,</span> <span class='ocrx_word' id='word_1_200' title='bbox 477 2689 562 2772; x_wconf 91' lang='lat' dir='ltr'>quod</span> <span class='ocrx_word' id='word_1_201' title='bbox 591 2711 687 2754; x_wconf 89' lang='lat' dir='ltr'>cenae</span> <span class='ocrx_word' id='word_1_202' title='bbox 719 2693 816 2772; x_wconf 92' lang='lat' dir='ltr'>caput</span> <span class='ocrx_word' id='word_1_203' title='bbox 846 2693 930 2772; x_wconf 84' lang='lat' dir='ltr'>erat,</span> <span class='ocrx_word' id='word_1_204' title='bbox 962 2688 1167 2755; x_wconf 87' lang='lat' dir='ltr'>delectatum.</span> 
     </span>
    </p>

    <p class='ocr_par' dir='ltr' id='par_1_11' title="bbox 159 2775 1166 2859">
     <span class='ocr_line' id='line_1_30' title="bbox 159 2775 1166 2859; baseline 0.004 -20"><span class='ocrx_word' id='word_1_205' title='bbox 159 2775 239 2839; x_wconf 81' lang='lat' dir='ltr'>Tum</span> <span class='ocrx_word' id='word_1_206' title='bbox 262 2775 306 2857; x_wconf 84' lang='lat' dir='ltr'>is,</span> <span class='ocrx_word' id='word_1_207' title='bbox 335 2777 390 2859; x_wconf 92' lang='lat' dir='ltr'>qui</span> <span class='ocrx_word' id='word_1_208' title='bbox 416 2776 475 2839; x_wconf 91' lang='lat' dir='ltr'>illa</span> <span class='ocrx_word' id='word_1_209' title='bbox 498 2781 640 2841; x_wconf 86' lang='lat' dir='ltr'>coxerat:</span> <span class='ocrx_word' id='word_1_210' title='bbox 671 2777 839 2841; x_wconf 75' lang='lat' dir='ltr'>‘Minime</span> <span class='ocrx_word' id='word_1_211' title='bbox 862 2778 1013 2859; x_wconf 81' lang='lat' dir='ltr'>mirum3</span> <span class='ocrx_word' id='word_1_212' title='bbox 1036 2778 1166 2843; x_wconf 92' lang='lat' dir='ltr'>condi·</span> 
     </span>
    </p>

    <p class='ocr_par' dir='ltr' id='par_1_12' title="bbox 159 2863 1167 2951">
     <span class='ocr_line' id='line_1_31' title="bbox 159 2863 1167 2951; baseline 0.003 -24"><span class='ocrx_word' id='word_1_213' title='bbox 159 2866 285 2927; x_wconf 89' lang='lat' dir='ltr'>menta</span> <span class='ocrx_word' id='word_1_214' title='bbox 308 2864 405 2928; x_wconf 88' lang='lat' dir='ltr'>enim</span> <span class='ocrx_word' id='word_1_215' title='bbox 429 2863 654 2929; x_wconf 67' lang='lat' dir='ltr'>defuerunt?</span> <span class='ocrx_word' id='word_1_216' title='bbox 706 2864 823 2941; x_wconf 75' lang='lat' dir='ltr'>‘Quae</span> <span class='ocrx_word' id='word_1_217' title='bbox 846 2864 1036 2930; x_wconf 83' lang='lat' dir='ltr'>tandem‘?&#39;</span> <span class='ocrx_word' id='word_1_218' title='bbox 1060 2866 1167 2951; x_wconf 88' lang='lat' dir='ltr'>inquit</span> 
     </span>
    </p>

    <p class='ocr_par' dir='ltr' id='par_1_13' title="bbox 157 2948 1170 3389">
     <span class='ocr_line' id='line_1_32' title="bbox 158 2948 1167 3037; baseline 0.006 -23"><span class='ocrx_word' id='word_1_219' title='bbox 158 2951 222 3016; x_wconf 90' lang='lat' dir='ltr'>ille.</span> <span class='ocrx_word' id='word_1_220' title='bbox 264 2948 404 3016; x_wconf 74' lang='lat' dir='ltr'>‘Labor</span> <span class='ocrx_word' id='word_1_221' title='bbox 425 2951 466 3015; x_wconf 90' lang='lat' dir='ltr'>in</span> <span class='ocrx_word' id='word_1_222' title='bbox 489 2956 643 3035; x_wconf 88' lang='lat' dir='ltr'>venatu,</span> <span class='ocrx_word' id='word_1_223' title='bbox 666 2953 793 3037; x_wconf 85' lang='lat' dir='ltr'>sudor,</span> <span class='ocrx_word' id='word_1_224' title='bbox 817 2975 951 3018; x_wconf 90' lang='lat' dir='ltr'>cursus</span> <span class='ocrx_word' id='word_1_225' title='bbox 974 2953 1021 3017; x_wconf 87' lang='lat' dir='ltr'>ad</span> <span class='ocrx_word' id='word_1_226' title='bbox 1043 2952 1167 3020; x_wconf 82' lang='lat' dir='ltr'>Euro-</span> 
     </span>
     <span class='ocr_line' id='line_1_33' title="bbox 158 3037 1168 3123; baseline 0.006 -21"><span class='ocrx_word' id='word_1_227' title='bbox 158 3042 248 3122; x_wconf 89' lang='lat' dir='ltr'>tam,</span> <span class='ocrx_word' id='word_1_228' title='bbox 283 3037 418 3123; x_wconf 81' lang='lat' dir='ltr'>fames,</span> <span class='ocrx_word' id='word_1_229' title='bbox 450 3039 549 3104; x_wconf 90' lang='lat' dir='ltr'>sitis.</span> <span class='ocrx_word' id='word_1_230' title='bbox 601 3039 672 3105; x_wconf 90' lang='lat' dir='ltr'>His</span> <span class='ocrx_word' id='word_1_231' title='bbox 705 3041 803 3105; x_wconf 93' lang='lat' dir='ltr'>enim</span> <span class='ocrx_word' id='word_1_232' title='bbox 834 3042 948 3106; x_wconf 86' lang='lat' dir='ltr'>rebus</span> <span class='ocrx_word' id='word_1_233' title='bbox 980 3039 1168 3107; x_wconf 84' lang='lat' dir='ltr'>Lacedae·</span> 
     </span>
     <span class='ocr_line' id='line_1_34' title="bbox 159 3126 1168 3214; baseline 0.005 -24"><span class='ocrx_word' id='word_1_234' title='bbox 159 3126 370 3191; x_wconf 89' lang='lat' dir='ltr'>monierum</span> <span class='ocrx_word' id='word_1_235' title='bbox 390 3127 524 3210; x_wconf 92' lang='lat' dir='ltr'>epulae</span> <span class='ocrx_word' id='word_1_236' title='bbox 544 3128 798 3193; x_wconf 67' lang='lat' dir='ltr'>condiuntur?</span> <span class='ocrx_word' id='word_1_237' title='bbox 837 3129 945 3214; x_wconf 91' lang='lat' dir='ltr'>Atque</span> <span class='ocrx_word' id='word_1_238' title='bbox 963 3128 1026 3194; x_wconf 89' lang='lat' dir='ltr'>hoc</span> <span class='ocrx_word' id='word_1_239' title='bbox 1043 3151 1114 3196; x_wconf 93' lang='lat' dir='ltr'>non</span> <span class='ocrx_word' id='word_1_240' title='bbox 1132 3152 1168 3195; x_wconf 87' lang='lat' dir='ltr'>ex</span> 
     </span>
     <span class='ocr_line' id='line_1_35' title="bbox 157 3213 1169 3305; baseline 0.006 -29"><span class='ocrx_word' id='word_1_241' title='bbox 157 3213 326 3279; x_wconf 89' lang='lat' dir='ltr'>hominum</span> <span class='ocrx_word' id='word_1_242' title='bbox 353 3237 442 3280; x_wconf 91' lang='lat' dir='ltr'>more</span> <span class='ocrx_word' id='word_1_243' title='bbox 470 3216 588 3299; x_wconf 85' lang='lat' dir='ltr'>solum,</span> <span class='ocrx_word' id='word_1_244' title='bbox 615 3217 670 3280; x_wconf 92' lang='lat' dir='ltr'>sed</span> <span class='ocrx_word' id='word_1_245' title='bbox 694 3216 792 3280; x_wconf 89' lang='lat' dir='ltr'>ctiam</span> <span class='ocrx_word' id='word_1_246' title='bbox 816 3239 855 3280; x_wconf 93' lang='lat' dir='ltr'>ex</span> <span class='ocrx_word' id='word_1_247' title='bbox 882 3216 996 3281; x_wconf 92' lang='lat' dir='ltr'>bestiis</span> <span class='ocrx_word' id='word_1_248' title='bbox 1020 3217 1169 3305; x_wconf 79' lang='lat' dir='ltr'>intellegi</span> 
     </span>
     <span class='ocr_line' id='line_1_36' title="bbox 158 3303 1170 3389; baseline 0.009 -26"><span class='ocrx_word' id='word_1_249' title='bbox 158 3304 281 3385; x_wconf 89' lang='lat' dir='ltr'>potest,</span> <span class='ocrx_word' id='word_1_250' title='bbox 305 3325 400 3387; x_wconf 89' lang='lat' dir='ltr'>quae,</span> <span class='ocrx_word' id='word_1_251' title='bbox 422 3307 460 3367; x_wconf 88' lang='lat' dir='ltr'>ut</span> <span class='ocrx_word' id='word_1_252' title='bbox 483 3303 633 3386; x_wconf 90' lang='lat' dir='ltr'>quicquid</span> <span class='ocrx_word' id='word_1_253' title='bbox 653 3304 897 3389; x_wconf 69' lang='lat' dir='ltr'>obiectumst,</span> <span class='ocrx_word' id='word_1_254' title='bbox 920 3305 1129 3389; x_wconf 92' lang='lat' dir='ltr'>quodmodo</span> <span class='ocrx_word' id='word_1_255' title='bbox 1152 3331 1170 3372; x_wconf 86' lang='lat' dir='ltr'>a</span> 
     </span>
    </p>
   </div>
   <div class='ocr_carea' id='block_1_3' title="bbox 81 3391 1173 3716">
    <p class='ocr_par' dir='ltr' id='par_1_14' title="bbox 81 3391 1173 3716">
     <span class='ocr_line' id='line_1_37' title="bbox 301 3391 1172 3477; baseline 0.008 -23"><span class='ocrx_word' id='word_1_256' title='bbox 301 3412 368 3456; x_wconf 90' lang='lat' dir='ltr'>non</span> <span class='ocrx_word' id='word_1_257' title='bbox 396 3391 439 3455; x_wconf 92' lang='lat' dir='ltr'>sit</span> <span class='ocrx_word' id='word_1_258' title='bbox 468 3392 623 3475; x_wconf 85' lang='lat' dir='ltr'>alienum,</span> <span class='ocrx_word' id='word_1_259' title='bbox 651 3413 689 3457; x_wconf 87' lang='lat' dir='ltr'>eo</span> <span class='ocrx_word' id='word_1_260' title='bbox 717 3395 887 3457; x_wconf 87' lang='lat' dir='ltr'>contentae</span> <span class='ocrx_word' id='word_1_261' title='bbox 914 3414 981 3458; x_wconf 93' lang='lat' dir='ltr'>non</span> <span class='ocrx_word' id='word_1_262' title='bbox 1009 3399 1172 3477; x_wconf 85' lang='lat' dir='ltr'>quaerunt</span> 
     </span>
     <span class='ocr_line' id='line_1_38' title="bbox 81 3391 1173 3715; baseline 0.004 -168"><span class='ocrx_word' id='word_1_263' title='bbox 81 3474 125 3528; x_wconf 65' lang='lat'>‘¹¹&#39;</span> <span class='ocrx_word' id='word_1_264' title='bbox 185 3391 308 3715; x_wconf 43' lang='lat'>52³.</span> <span class='ocrx_word' id='word_1_265' title='bbox 357 3477 513 3544; x_wconf 76' lang='lat' dir='ltr'>Civitates</span> <span class='ocrx_word' id='word_1_266' title='bbox 542 3479 700 3564; x_wconf 85' lang='lat' dir='ltr'>quaedam</span> <span class='ocrx_word' id='word_1_267' title='bbox 732 3481 901 3545; x_wconf 83' lang='lat' dir='ltr'>universae</span> <span class='ocrx_word' id='word_1_268' title='bbox 933 3502 1024 3546; x_wconf 90' lang='lat' dir='ltr'>more</span> <span class='ocrx_word' id='word_1_269' title='bbox 1055 3483 1173 3551; x_wconf 85' lang='lat' dir='ltr'>doctae</span> 
     </span>
     <span class='ocr_line' id='line_1_39' title="bbox 187 3607 1034 3663; baseline 0.007 0"><span class='ocrx_word' id='word_1_270' title='bbox 187 3607 221 3663; x_wconf 61' lang='grc' dir='ltr'>,ἱ</span> <span class='ocrx_word' id='word_1_271' title='bbox 1032 3619 1034 3623; x_wconf 82' lang='grc'><strong>’</strong></span> 
     </span>
     <span class='ocr_line' id='line_1_40' title="bbox 143 3683 173 3716; baseline 0 -8"><span class='ocrx_word' id='word_1_272' title='bbox 143 3683 173 3716; x_wconf 67' lang='grc' dir='ltr'><strong>μ</strong></span> 
     </span>
    </p>
   </div>
   <div class='ocr_carea' id='block_1_4' title="bbox 104 1424 138 1474">
    <p class='ocr_par' dir='ltr' id='par_1_15' title="bbox 104 1424 138 1474">
     <span class='ocr_line' id='line_1_41' title="bbox 104 1424 138 1474; baseline 0.029 -1"><span class='ocrx_word' id='word_1_273' title='bbox 104 1424 138 1474; x_wconf 78' lang='grc'>97</span> 
     </span>
    </p>
   </div>
   <div class='ocr_carea' id='block_1_5' title="bbox 0 0 1231 3944">
    <p class='ocr_par' dir='ltr' id='par_1_16' title="bbox 0 0 1231 3944">
     <span class='ocr_line' id='line_1_42' title="bbox 0 0 1231 3944; baseline 0 0"><span class='ocrx_word' id='word_1_274' title='bbox 0 0 1231 3944; x_wconf 95' lang='lat' dir='ltr'> </span> 
     </span>
    </p>
   </div>
  </div>
 </body>
</html>
