2446 3944
439 185 677 250 -493-

57 344 99 410 ad
116 345 249 408 inventa
267 343 384 428 animo,
403 347 557 428 percepta
575 343 722 408 sensibus
740 344 895 410 adhibitis
910 345 1060 429 opificum

57 432 206 497 manibus
230 431 338 496 omnia
359 453 419 496 nos
443 433 639 516 consecutos,
661 435 698 496 ut
716 433 804 516 tecti,
826 437 863 496 ut
880 433 1001 516 uestiti,
1024 437 1061 497 ut

58 520 142 584 salvi
165 541 234 584 esse
256 540 439 604 possemus,
461 519 567 602 urbes,
589 541 707 602 muros,
731 519 903 604 domicilia,
926 521 1061 586 delubra

58 608 258 673 haberemus.
294 607 365 672 Iam
387 628 464 672 vero
488 606 638 691 operibus
660 607 838 692 hominum,
859 609 894 672 id
911 613 961 673 est
981 631 1047 674 ma·
1063 623 1112 673 151
1196 603 1201 611 ’

58 696 166 780 nibus,
196 694 261 760 cibi
290 695 389 760 etiam
417 695 558 760 varietas
585 695 748 759 invenitur
775 698 808 759 et
830 696 931 780 copia.
975 695 1062 762 Nam

60 787 93 848 et
120 783 192 869 agri
220 783 324 848 multa
352 783 488 848 effenmt
510 804 609 847 mann
631 783 791 866 quaesita,
819 804 901 868 quae
922 784 975 850 vel
998 789 1062 849 sta·

59 871 120 935 tim
147 875 378 935 consumantur
399 871 452 935 vel
474 871 668 935 mandentur
690 871 820 936 condita
841 872 1007 954 vetustati,
1028 876 1062 936 et

59 962 228 1044 praeterea
253 959 412 1024 vescimur
439 958 553 1023 bestiis
581 961 615 1022 et
640 959 777 1023 terrenis
805 962 839 1023 et
865 959 1062 1042 aquatilibus

61 1050 93 1111 et
114 1046 302 1111 volantibus
324 1046 446 1131 partim
469 1045 632 1131 capiendo,
655 1047 777 1130 partim
796 1046 920 1112 alendo.
955 1046 1063 1113 Effici-

61 1155 135 1199 mus
156 1133 254 1198 etiam
274 1135 398 1199 domitu
414 1138 528 1199 nostro
548 1135 780 1219 quadripedum
795 1133 969 1218 rectiones,
988 1155 1063 1218 quo-

61 1245 133 1287 rum
159 1223 309 1287 celeritas
332 1227 429 1306 atque
451 1222 501 1288 uis
523 1222 618 1286 nobis
640 1222 721 1306 ipsis
744 1222 850 1287 adfert
872 1222 939 1287 uim
962 1226 994 1286 et
1017 1244 1063 1286 ce-

61 1311 233 1375 leritatem.
282 1309 353 1375 Nos
385 1332 484 1374 onera
516 1310 707 1393 quibusdam
738 1310 833 1374 best'
796 1314 864 1392 tus,
895 1331 955 1374 nos
986 1310 1064 1395 iuga

61 1399 255 1482 inponimus,
272 1419 333 1462 nos
352 1397 504 1482 elephant
506 1419 597 1462 orum
611 1398 817 1473 acutissumis
831 1397 987 1480 sensibus,
1004 1419 1063 1462 nos

63 1485 240 1569 sagacitate
277 1507 393 1550 oenum
428 1486 470 1549 ad
505 1485 683 1550 utilitatem
713 1489 860 1550 nostram
892 1448 1064 1569 abutimur,

61 1594 123 1637 nos
147 1594 164 1635 e
186 1574 292 1636 terrae
314 1572 459 1637 cavernis
481 1572 603 1637 sermm
626 1571 786 1658 eligimus,
808 1594 876 1637 rem
899 1574 941 1637 ad
962 1574 1065 1638 colen-

62 1661 120 1725 dos
144 1680 240 1744 agros
263 1661 490 1743 necessariam,
513 1681 573 1724 nos
597 1661 690 1743 aeris,
713 1660 849 1746 argenti,
873 1662 943 1726 auri
965 1683 1064 1725 venas

61 1747 190 1834 penitus
223 1747 350 1812 abditas
382 1747 563 1813 invenimus
593 1753 626 1812 et
653 1748 695 1813 ad
720 1770 816 1812 usum
842 1752 936 1834 aptas
964 1752 997 1813 et
1024 1749 1065 1813 ad

62 1840 213 1901 ornatum
231 1836 372 1919 decoras,
395 1836 547 1901 arborum
565 1840 675 1900 autem
693 1837 895 1901 consentione
914 1837 1065 1919 omnique

62 1924 200 1988 materia
226 1928 259 1987 et
286 1925 373 1988 culta
400 1928 433 1989 et
460 1923 603 1988 silvestri
629 1924 750 2008 partim
778 1923 819 1988 ad
842 1923 1065 1988 calficiendum

63 2033 180 2095 corpus
202 2012 273 2098 igni
296 2011 441 2077 adhibito
464 2015 496 2076 et
515 2011 557 2076 ad
574 2012 791 2097 mitigandum
809 2011 917 2076 cibum
934 2013 1065 2095 utimur,

62 2103 137 2184 part
138 2101 182 2164 im
209 2100 251 2165 ad
278 2099 592 2183 aedificandum,ut
618 2100 714 2165 tectis
742 2099 847 2184 saepti
869 2099 994 2185 frigora
1017 2122 1066 2164 ca-

61 2188 211 2272 loresque
234 2188 402 2272 pellamus.
447 2187 585 2273 Magnos
606 2209 683 2253 vero
706 2209 782 2252 usus
806 2187 912 2252 adfert
935 2187 977 2252 ad
997 2210 1052 2252 na·
1068 2200 1117 2248 152

61 2276 151 2360 rigia
172 2276 327 2358 facienda,
354 2297 490 2359 quorum
514 2275 659 2339 cursibus
684 2276 931 2359 subpeditantur
954 2297 1065 2340 omnes

61 2362 202 2444 undique
229 2363 270 2427 ad
296 2363 399 2428 vitam
422 2362 546 2446 copiae3
574 2383 716 2445 quasque
739 2383 790 2426 res
812 2362 1065 2427 violentissimas

62 2452 180 2513 natura
199 2450 319 2534 genuit,
342 2471 453 2513 earum
471 2449 725 2514 moderationem
741 2470 802 2513 nos
821 2450 883 2514 soli
901 2450 1067 2533 habemus,

63 2535 162 2601 maris
200 2540 296 2619 atque
332 2539 520 2619 ventorum,
557 2539 690 2619 propter
724 2536 927 2600 nauticarum
958 2559 1067 2601 rerum

64 2623 233 2688 scientiam
259 2623 471 2708 plurimisque
493 2622 667 2687 maritimis
690 2623 787 2687 rebus
809 2623 947 2688 fruimur
970 2628 1066 2706 atque

63 2711 193 2776 utimur.
230 2711 443 2775 Terrenorum
464 2711 545 2774 item
567 2711 809 2775 commodorum
832 2710 937 2774 omnis
961 2715 1011 2774 est
1033 2710 1068 2774 in

63 2799 194 2864 homine
221 2799 414 2864 dominatus.
458 2797 528 2864 Nos
557 2798 693 2882 campis,
721 2818 781 2862 nos
804 2798 969 2862 montibus
991 2797 1067 2862 frui-

64 2910 145 2971 mur,
166 2888 272 2952 nostri
295 2890 371 2952 sunt
393 2908 513 2972 amnes,
535 2885 641 2951 nostri
663 2886 762 2968 lacus,
784 2907 843 2950 nos
861 2885 972 2971 fruges
993 2886 1068 2949 seri-

64 2997 149 3058 mus,
178 2997 238 3040 nos
266 2976 412 3059 arbores,
437 2996 498 3039 nos
526 2996 683 3058 aquarum
709 2973 948 3039 inductionibus
971 2973 1068 3037 terris

63 3063 295 3127 fecunditatem
318 3064 443 3147 damus,
465 3085 525 3127 nos
548 3061 681 3126 flumina
704 3083 862 3145 arcemus,
884 3060 1069 3145 derigimus,

64 3149 254 3234 avertimus,
281 3151 403 3215 nostris
431 3151 566 3234 denique
593 3150 742 3214 manibus
765 3149 800 3214 in
821 3171 930 3214 rerum
952 3152 1070 3228 natiue

65 3259 158 3323 quasr
181 3238 319 3303 alteram
339 3243 490 3302 naturam
513 3238 639 3303 efficere
663 3259 824 3304 conamur.

131 3325 215 3402 Quid
236 3328 336 3392 vero?
363 3325 530 3392 hominum
553 3326 638 3390 ratio
662 3346 729 3390 non
750 3325 785 3389 in
807 3325 933 3389 caelum
954 3346 1039 3410 usqu

63 3414 269 3499 penetravit?
315 3412 384 3480 Soli
411 3414 497 3478 enim
520 3436 558 3479 ex
581 3412 800 3478 animantibus
822 3434 882 3478 nos
907 3286 1152 3688 astrors

63 3506 164 3588 ortus,
187 3503 297 3569 obitus
320 3523 496 3587 cursusque
519 3502 738 3588 eognovimus,
762 3501 803 3566 ab
826 3500 995 3566 hominum
