2446 3944
511 197 750 262 ..250-

128 363 181 424 tur
205 381 289 443 esse,
319 359 375 443 qui
396 382 432 424 ra
454 382 531 425 vera
552 381 619 424 non
642 363 727 424 esset
749 358 856 443 heres,
883 361 918 426 in
940 359 1025 444 foro,
1055 360 1138 424 mihi

129 447 230 532 crede,
253 448 398 512 saltaret.
431 445 539 512 Homo
563 450 672 512 autem
694 447 799 512 iustus
822 448 923 531 isque,
947 469 1043 531 quem
1067 470 1138 512 sen-

128 535 228 600 timus
251 535 356 600 virum
379 536 509 620 bonum,
530 535 614 599 nihil
633 534 790 618 cuiquam,
814 536 899 619 quod
917 535 953 599 in
974 557 1008 599 se
1031 540 1138 600 trans·

127 623 225 706 ferat,
253 623 411 688 detrahet.
456 623 527 688 Hoc
555 623 611 707 qui
638 623 830 707 admiratur,
857 624 886 687 is
915 645 963 706 se,
991 624 1067 707 quid
1092 625 1136 688 sit

76 727 109 776 76
128 711 178 775 vir
200 711 318 795 bonus,
340 710 463 776 nescire
485 711 636 776 fateatur.
681 713 727 775 At
750 733 842 794 vero,
866 711 894 775 si
917 711 973 795 qui
995 712 1136 776 voluerit

128 799 228 863 animi
246 799 296 863 sui
314 799 542 884 complicatam
558 799 724 864 notionem
744 800 901 882 evolvere,
923 799 989 862 iam
1013 821 1047 863 se
1065 800 1137 884 ipse

128 887 242 951 doceat
260 909 333 951 eum
351 887 457 951 virum
474 888 596 951 bonum
614 908 693 970 esse,
716 887 771 971 qui
789 887 902 971 prosit,
927 887 1043 970 quibus
1062 909 1135 971 pos-

128 973 180 1059 sit,
201 978 317 1040 noceat
339 975 460 1039 nemini
482 975 546 1039 nisi
568 975 737 1040 lacessitus
760 974 886 1038 iniuria.
928 973 1011 1049 Quid
1034 976 1135 1060 ergo?

127 1063 264 1127 hicnon
281 1067 405 1147 noceat,
428 1062 484 1147 qui
507 1063 646 1146 quodam
665 1062 758 1146 quasi
775 1084 898 1127 veneno
919 1062 1075 1146 perficiat,
1099 1067 1136 1126 ut

127 1172 221 1216 veros
244 1150 378 1215 heredes
401 1155 539 1233 moveat,
561 1150 597 1214 in
618 1172 729 1214 eorum
747 1151 855 1215 locum
873 1151 943 1234 ipse
962 1150 1134 1215 succedat?

128 1237 214 1302 ‘Non
237 1238 338 1322 igitur
360 1237 480 1323 faciat',
504 1238 620 1302 dixerit
643 1238 726 1322 quis,
749 1237 846 1321 ‘quod
868 1238 949 1302 utile
973 1237 1025 1321 sit,
1048 1238 1135 1321 quod

128 1325 311 1410 expediat?'
356 1325 460 1390 Immo
492 1326 664 1411 intellegat
694 1325 778 1389 nihil
808 1348 868 1391 nec
900 1326 1047 1411 expedire
1075 1347 1135 1392 nec

127 1413 208 1478 utile
232 1434 315 1497 esse,
343 1414 428 1497 quod
456 1413 499 1477 sit
525 1413 696 1498 iniustum3
723 1414 784 1479 hoc
808 1414 951 1497 quinon
979 1414 1134 1497 didicerit,

75 1501 231 1567 trhonus
254 1501 305 1565 vir
328 1523 397 1565 esse
419 1523 485 1566 non
506 1501 636 1585 poterit.
674 1500 707 1568 0.
729 1500 908 1566 Fimbriam
931 1503 1134 1567 consularem

128 1589 297 1654 audiebam
325 1589 363 1652 de
394 1593 487 1674 patre
518 1593 630 1654 nostro
658 1610 739 1673 puer
765 1590 902 1654 iudicem
929 1589 972 1656 M.
999 1589 1132 1654 Lutatio

126 1677 277 1742 Pinthiae
298 1676 411 1760 fuisse,
439 1676 540 1759 equiti
562 1676 711 1742 Romano
735 1699 811 1743 sane
834 1678 986 1760 honesto,
1009 1679 1134 1743 cumis

127 1765 334 1849 sponsionem
357 1764 499 1848 fecisset,
528 1782 566 1829 NI
588 1783 647 1830 vna
669 1783 782 1830 BONUS
805 1783 920 1832 assur.
964 1765 1079 1848 Itaque
1104 1767 1134 1830 ei

127 1852 246 1916 dixisse
258 1851 437 1916 Fimbriam
456 1873 490 1916 se
507 1852 601 1917 illam
618 1874 689 1917 rem
708 1875 886 1938 numquam
908 1854 1133 1937 iudicaturum,

126 1961 168 2004 ne
191 1942 248 2004 aut
270 1938 427 2023 spoliaret
448 1939 538 2004 fama
559 1942 735 2025 probatum
757 1942 934 2025 hominem,
965 1941 993 2005 si
1021 1946 1135 2007 contra

126 2026 341 2110 iudicavisset,
365 2032 421 2092 aut
440 2029 593 2092 statuisse
611 2030 775 2094 videretur
793 2030 898 2094 virum
916 2029 1037 2093 bonum
1061 2051 1133 2093 esse

127 2115 276 2198 aliquem,
300 2137 372 2180 cum
395 2137 433 2180 ea
455 2138 507 2180 res
529 2117 818 2182 innumerabilibus
842 2115 955 2180 officiis
979 2118 1012 2178 et
1031 2116 1133 2178 laudi-

126 2204 187 2267 bus
210 2202 437 2268 contineretur.
482 2203 566 2268 Huic
588 2205 691 2289 igitur
712 2206 782 2270 viro
805 2204 906 2285 bono,
929 2224 1024 2285 quem
1046 2201 1133 2267 Fim-

125 2289 199 2355 bria
222 2290 333 2374 etiam,
360 2313 427 2356 non
453 2292 548 2357 modo
572 2289 721 2357 Socrates
743 2295 892 2374 noverat,
918 2291 1010 2355 nullo
1034 2292 1132 2357 modo

126 2377 228 2444 videri
250 2382 359 2462 potest
378 2379 549 2463 quicquam
571 2401 640 2445 esse
658 2379 747 2464 utile,
771 2379 857 2462 quod
873 2400 940 2444 non
957 2378 1133 2445 honestum

127 2466 179 2530 sit.
210 2465 326 2550 Itaque
344 2468 421 2531 talis
439 2467 490 2532 vir
507 2489 573 2532 non
591 2466 686 2532 modo
706 2467 821 2550 facere,
844 2467 900 2532 sed
921 2489 962 2532 ne
986 2467 1131 2551 cogitare

127 2553 256 2638 quidem
270 2555 442 2639 quicquam
451 2555 596 2642 audebit,
614 2554 700 2638 quod
717 2577 785 2620 non
802 2556 918 2620 audeat
936 2556 1132 2640 praedicare.

125 2640 215 2707 Haeo
241 2663 307 2707 non
333 2646 428 2727 turpe
458 2647 508 2707 est
540 2642 688 2707 dubitare
719 2643 946 2728 philosophos,
978 2665 1059 2726 quae
1090 2665 1132 2708 ne

125 2729 239 2795 rustici
262 2730 391 2815 quidem
414 2730 584 2797 dubitent?
608 2731 762 2815 aquibus
780 2735 894 2796 natum
913 2734 963 2795 est
981 2731 1022 2814 id,
1046 2732 1133 2814 quod

125 2817 193 2884 iam
215 2818 390 2883 contritum
413 2821 463 2882 est
484 2822 656 2905 vetustate,
678 2820 895 2904 proverbium.
940 2817 1022 2883 Cum
1045 2819 1132 2884 enim

34 2908 39 2917 '
124 2906 222 2971 fidem
245 2906 380 2971 alicuius
403 2907 646 2991 bonitatemque
669 2907 812 2990 laudant,
836 2907 968 2992 dignum
992 2928 1062 2970 esse
1085 2908 1132 2971 di·

125 2998 211 3078 cunt,
235 2993 377 3077 ‘quicum
394 2993 430 3058 in
442 2995 584 3060 tenebris
599 2994 718 3059 mices'.
754 2993 826 3059 Hoc
840 3017 937 3078 quam
950 2993 1051 3058 habet
1064 2995 1132 3059 vim

124 3082 189 3146 nisi
216 3082 321 3167 illam,
348 3082 431 3146 nihil
460 3083 621 3167 expedire,
650 3083 736 3166 quod
761 3104 828 3146 non
851 3083 974 3165 deceat,
1003 3083 1133 3148 etiamsi

70 3176 106 3228 78
125 3167 159 3232 id
181 3169 288 3253 possis
311 3171 403 3235 nullo
425 3170 594 3234 refellente
617 3169 786 3254 optinere?
821 3169 962 3234 Videsne
980 3168 1042 3234 hoc
1059 3193 1133 3255 pro-

125 3257 237 3321 verbio
261 3279 365 3341 neque
384 3257 469 3344 Gygi
491 3258 542 3322 illi
563 3279 660 3342 posse
677 3257 805 3321 veniam
829 3258 899 3322 dari
921 3279 1024 3340 neque
1047 3257 1132 3343 huic,

124 3363 221 3424 quem
239 3346 337 3428 paulo
357 3349 432 3410 ante
450 3346 613 3431 fingebam
627 3344 803 3429 digitorum
816 3345 1023 3430 percussione
1042 3345 1133 3410 here-

124 3428 244 3496 ditates
276 3432 421 3497 omnium
452 3455 548 3519 posse
579 3433 791 3498 converrere?
836 3431 883 3497 Ut
915 3433 1015 3516 enim,
1048 3433 1134 3516 quod

123 3517 219 3605 turpe
247 3523 311 3607 est,
342 3520 389 3605 id,
420 3521 567 3606 quamvis
597 3521 789 3606 occultetur,
821 3523 931 3585 tamen
957 3520 1136 3586 honestum
