2446 3944
462 176 702 242 -455-

81 337 207 420 legatos
228 335 268 399 ad
287 357 399 400 cenam
422 335 457 398 in
474 334 728 418 Academiam3'
719 335 759 399 ris
779 333 930 418 apposuit
951 302 1087 417 tantum,

83 424 168 508 quod
192 424 271 487 satis
301 427 398 507 esset,
425 423 516 487 nullo
540 426 707 524 apparatu.
752 421 833 487 Cum
859 423 1015 505 postridie
1037 444 1087 487 ro·

81 514 197 596 gerent
221 534 307 626 eum,
335 513 386 576 cui
413 512 576 575 numerari
603 511 740 588 iuberet,
769 509 903 586 Quid?
931 532 997 575 vos
1022 510 1087 574 he·

84 597 243 681 sterna,'
280 599 398 682 inquit,
438 598 589 664 cenula
623 619 699 663 non
733 560 991 663 intellexistis
1032 619 1088 662 me

83 687 248 769 pecunia
268 708 346 786 non
368 685 517 770 egere?'
562 685 648 762 Quos
671 707 743 750 cum
765 686 925 751 tristiores
947 685 1089 767 vidisset,

82 775 217 858 triginta
238 773 342 839 minas
362 774 494 857 accepit,
512 795 554 838 ne
572 773 739 856 aspernari
756 773 842 858 regis
860 773 1001 838 liberalit
987 736 1089 838 tateni

83 863 252 926 videretur.
306 863 352 926 At
383 884 458 926 vero
491 860 652 947 Diogenes
688 861 834 944 liberius,
870 865 907 925 ut
941 859 1089 946 Cynicus,
1107 873 1141 922 92

83 949 268 1014 Alexandro
304 951 445 1035 roganti,
480 953 518 1014 ut
550 949 682 1033 diceret,
715 949 742 1012 si
774 949 850 1032 quid
882 969 962 1031 opus
995 954 1089 1032 esset,

84 1036 207 1102 ‘Nunc
231 1037 379 1120 quidem
403 1035 630 1121 paululum',
659 1037 778 1120 inquit,
800 1036 836 1100 ‘a
859 1035 961 1101 sole'
1006 1036 1089 1102 Offe-

85 1129 172 1191 cerat
202 1125 352 1190 videlicet
383 1126 550 1208 apricanti.
606 1123 651 1188 Et
682 1125 735 1189 hic
766 1124 893 1208 quidem
925 1124 1089 1206 disputare

83 1215 221 1296 solebat,
250 1217 370 1300 quanto
397 1234 508 1298 regem
533 1212 704 1277 Persarum
727 1212 775 1276 vit
776 1234 796 1275 a
761 1211 889 1277 ttfor
875 1215 1015 1294 tuncque
1039 1234 1090 1277 su·

83 1305 224 1386 peraret,
196 1300 304 1374 tsibi
322 1300 406 1365 nihil
424 1301 549 1385 deesse,
572 1300 621 1365 illi
639 1299 721 1364 nihil
740 1300 819 1364 satis
838 1322 990 1384 umquam
1007 1300 1089 1384 fore,

84 1411 118 1453 se
151 1390 218 1452 eius
245 1390 429 1471 voluptates
456 1409 523 1452 non
553 1388 747 1489 desiderare,
773 1388 888 1471 quibus
916 1409 1091 1472 numquam

85 1477 198 1541 satiari
211 1476 267 1539 ille
280 1480 400 1560 posset,
419 1498 492 1542 suas
512 1497 585 1540 eum
600 1497 749 1559 consequr
740 1475 965 1542 nullomodo
987 1497 1121 1596 posse.3

125 1592 127 1594 ·
151 1563 265 1646 Vides,
288 1564 396 1647 oredo,
423 1567 460 1627 ut
481 1563 639 1646 Epicurus
663 1564 875 1646 cupiditatum
903 1584 1022 1650 genera
1045 1563 1089 1628 di·
1109 1532 1144 1658 9}

85 1651 210 1733 viserit,
236 1671 303 1715 non
329 1651 425 1715 nimis
453 1651 591 1717 fortasse
620 1651 794 1735 subtiliter,
821 1652 944 1716 utiliter
972 1656 1091 1735 tamen,

85 1740 207 1822 partim
224 1759 294 1802 esse
312 1739 476 1804 naturales
501 1742 533 1803 et
550 1740 761 1823 necessarias,
784 1741 903 1822 partim
926 1739 1090 1804 naturales

86 1831 119 1891 et
135 1848 202 1890 non
218 1827 424 1911 necessarias,
442 1828 562 1909 partim
579 1831 743 1912 neutrum3
762 1828 959 1892 necessarias
979 1827 1091 1891 satiari

85 1934 179 1998 posse
206 1935 307 1996 paene
333 1914 450 1998 nihilo;
477 1915 607 1982 divitias
631 1916 716 1979 enim
742 1918 877 1979 naturae
906 1936 975 1980 esse
998 1936 1091 1998 para·

86 2002 180 2087 bilcs3
204 2001 378 2067 secundum
401 2006 507 2068 autem
531 2024 632 2087 genus
656 2004 868 2086 cupiditatum
891 2025 951 2067 nec
974 2004 1013 2067 ad
1035 2024 1091 2086 po·

86 2090 230 2155 tiendum
259 2088 387 2154 difficile
415 2112 485 2155 esse
512 2095 621 2156 censet
646 2113 706 2156 nec
733 2113 809 2156 vero
845 2091 886 2154 ad
904 2090 1091 2174 carendum3

85 2180 212 2261 tertias,
240 2178 327 2261 quod
350 2181 458 2242 essent
484 2179 580 2262 plane
606 2179 718 2244 inanes
741 2200 842 2263 neque
864 2180 1092 2244 necessitatem

85 2267 196 2349 modo,
224 2265 279 2330 sed
305 2287 345 2330 ne
373 2269 523 2331 naturam
551 2267 680 2350 quidem
708 2267 916 2352 attingerent,
947 2267 1092 2331 funditus

87 2354 243 2419 eiciendas
270 2376 314 2436 pu
315 2353 406 2418 ttavi
451 2352 523 2419 Hoc
549 2354 621 2420 loeo
651 2355 753 2419 multa
777 2355 818 2417 ab
840 2354 1007 2437 Epicureis
1032 2353 1092 2417 dis·
1111 2364 1146 2413 94

87 2446 256 2541 putantur,
288 2463 406 2525 eaeque
434 2442 617 2524 voluptates
646 2442 800 2526 singillat
791 2464 835 2505 rm
867 2444 1092 2523 extenuantur,

88 2533 221 2630 quarum
264 2551 384 2613 genera
418 2551 484 2593 non
521 2532 744 2608 contemnunt,
785 2532 944 2681 quaerunt
982 2533 1093 2593 tamen

88 2617 222 2699 copiam
279 2616 365 2680 Nam
401 2620 434 2681 et
470 2617 625 2681 obscenas
661 2617 810 2700 voluptat
776 2638 858 2700 aes,
899 2616 937 2680 dc
978 2608 1092 2717 quibus

88 2705 190 2768 multa
217 2704 258 2768 ab
285 2704 350 2768 illis
377 2704 478 2768 habet
463 2706 517 2768 tur
545 2704 662 2788 oratic,
689 2704 809 2805 facilis,
839 2704 1030 2787 communis,
1059 2703 1094 2768 in

88 2793 194 2857 medio
227 2792 270 2856 sit
272 2814 306 2856 as
339 2814 406 2856 esse
439 2793 561 2877 dieunt,
593 2814 710 2876 easque
738 2792 766 2856 si
791 2795 909 2856 natura
943 2792 1094 2874 requirat,

87 2902 154 2945 non
181 2900 297 2965 genere
325 2884 382 2944 aut
408 2880 480 2944 loco
509 2884 565 2944 aut
592 2881 718 2963 ordine,
749 2880 803 2943 sed
830 2879 948 2962 forma,
980 2882 1095 2962 aetate,

88 2969 192 3053 figura
220 2968 397 3032 metiendas
424 2972 554 3052 putant,
583 2968 624 3032 ab
652 2968 754 3052 iisque
780 2967 940 3031 abstinere
963 2967 1094 3030 minime

89 3077 158 3120 esse
186 3056 331 3138 difficile,
359 3056 387 3119 si
415 3059 471 3120 aut
498 3056 648 3120 valetudo
677 3059 733 3119 aut
760 3054 902 3119 officium
925 3057 982 3118 aut
1007 3054 1096 3118 fama

88 3145 243 3226 postulet,
272 3142 463 3226 omninoque
491 3163 593 3228 genus
624 3144 686 3209 hoc
717 3144 921 3226 voluptatum
953 3141 1094 3225 optabile

90 3253 171 3314 csse,
195 3232 222 3295 si
240 3252 305 3294 non
324 3231 424 3313 obsit,
446 3231 599 3313 prodesse
617 3253 802 3314 numquam.
838 3231 1017 3313 Totumque
1034 3230 1095 3294 hoo
1114 3242 1149 3291 so

90 3318 128 3383 de
155 3319 323 3402 voluptate
351 3319 397 3382 sic
424 3319 479 3382 ille
507 3319 676 3403 praecipit,
703 3323 740 3382 ut
761 3318 962 3401 voluptatem
991 3319 1096 3400 ipsam

87 3429 147 3492 per
179 3429 227 3491 se,
259 3408 352 3557 quiat
366 3407 516 3489 voluptas
544 3408 587 3470 sit
592 3428 760 3490 ,semper
786 3406 960 3490 optandam
987 3412 1016 3471 et
1045 3428 1097 3470 ex-

88 3495 260 3577 petendam
292 3496 399 3579 putet,
437 3493 610 3579 eademque
644 3495 769 3559 ratione
806 3494 949 3560 dolorem
985 3495 1026 3560 ob
1063 3493 1098 3559 id
