2446 3944
462 183 702 248 —239-

78 351 245 414 ettamen
270 349 354 412 muri
380 369 511 413 causam
538 349 704 433 opposuit,
732 347 871 434 speciem
898 348 1080 414 honestatis

77 459 136 502 nec
164 436 365 521 probabilem
391 457 451 501 nec
484 457 560 500 sane
587 436 745 501 idoneam.
788 436 939 503 Peccavit
969 437 1081 523 igitur,

78 547 157 610 pace
189 525 241 589 vel
273 523 397 599 Quirini
428 524 480 589 vel
510 523 642 589 Romuli
674 523 817 589 dixerim.
870 523 939 590 Nec
970 530 1081 590 tamen
1098 542 1132 591 42

79 617 210 677 nostrae
233 612 325 677 nobis
348 612 508 676 utilitates
537 612 735 677 omittendae
758 617 835 677 sunt
857 613 994 698 aliisque
1016 617 1081 679 tra-

79 701 213 783 dandae,
239 723 312 764 cum
333 700 374 764 iis
397 701 461 784 ipsi
484 720 649 785 egeamus,
679 700 736 765 sed
758 721 835 765 suae
858 701 972 786 cuique
994 702 1081 766 utili·

78 789 152 871 tati,
180 788 266 872 quod
296 787 366 853 sine
392 787 526 852 alterius
553 787 671 852 iniuria
697 788 769 872 fiat,
797 789 998 855 serviendum
1022 793 1080 854 est.

78 875 164 942 Scite
187 875 403 960 Chrysippus,
428 880 465 940 ut
492 876 609 940 multa:
638 874 724 950 ‘Qui
748 876 943 962 stadium',
965 878 1081 962 inquit,

78 964 228 1047 ‘currit,
256 964 353 1028 eniti
381 967 419 1028 et
446 964 675 1029 contendere
703 964 830 1046 debet,
863 987 974 1048 quam
1006 989 1081 1031 ma·

77 1075 185 1116 xume
208 1052 349 1137 possit,
370 1056 412 1116 ut
428 1052 571 1134 vincat,
595 1053 849 1136 supplantare
872 1073 966 1136 eum,
991 1075 1081 1137 quo·

78 1162 160 1205 cum
191 1143 329 1222 certet,
362 1144 427 1206 aut
458 1161 571 1204 manu
598 1140 795 1224 depellere
826 1140 935 1204 nullo
968 1141 1080 1206 modo

79 1229 205 1311 debet,
237 1228 292 1293 sic
320 1228 360 1292 in
386 1228 470 1293 vita
497 1226 574 1291 sibi
601 1248 787 1311 quemque
815 1231 959 1312 petere,
983 1229 1081 1312 quod

77 1317 275 1400 pertineat
307 1316 353 1380 ad
384 1337 506 1397 usum,
544 1336 620 1380 non
650 1314 826 1399 iniquum
859 1319 931 1400 est,
964 1316 1081 1381 alteri

78 1405 252 1488 deripere
274 1404 333 1468 ius
355 1426 431 1468 non
453 1402 531 1468 est'

143 1492 292 1556 Maxume
322 1495 430 1556 autem
461 1491 692 1577 perturbantur
724 1489 831 1556 officia
857 1492 893 1556 in
920 1492 1081 1577 amicitiis,
1099 1508 1134 1558 43

78 1580 193 1663 quibus
218 1584 250 1644 et
271 1602 338 1644 non
357 1580 509 1663 tribuere,
531 1579 618 1662 quod
635 1581 721 1643 recte
739 1579 856 1662 possis,
879 1583 913 1643 et
930 1581 1082 1665 tribuere,

78 1669 163 1751 quod
184 1689 251 1733 non
273 1668 316 1732 sit
339 1690 486 1752 aequum,
508 1671 623 1732 contra
645 1666 787 1730 officium
805 1671 863 1731 est.
901 1664 963 1731 Sed
985 1668 1081 1734 huius

77 1756 204 1840 generis
231 1757 332 1821 totius
358 1757 456 1820 breve
484 1758 517 1820 et
541 1776 608 1819 non
635 1753 765 1819 difficile
792 1759 1000 1840 praeceptum
1024 1761 1082 1822 est.

78 1843 166 1919 Quae
189 1844 273 1908 enim
297 1843 445 1908 videntur
467 1843 570 1926 utilia,
593 1841 742 1926 honores,
766 1843 912 1928 divitiae,
935 1845 1082 1929 volupta-

77 1935 137 2014 tes,
159 1934 265 1996 cetera
288 1932 414 2016 generis
438 1931 596 2014 eiusdem,
618 1930 698 1996 haec
720 1931 882 1996 amicitiae
904 1954 1081 2015 numquam

78 2020 302 2103 anteponenda
329 2023 413 2084 sunt.
462 2018 509 2083 At
534 2040 638 2103 neque
672 2022 785 2084 contra
816 2042 885 2084 rem
916 2021 1081 2104 publicam

76 2129 180 2190 neque
207 2111 319 2172 eontra
345 2108 395 2172 ius
422 2107 592 2171 iurandum
616 2128 653 2171 ac
675 2106 771 2171 fidem
795 2108 890 2173 amici
912 2129 1009 2174 causa
1031 2110 1082 2173 uir

76 2197 180 2260 bonus
202 2194 314 2279 faciet,
336 2217 377 2259 ne
400 2194 428 2259 si
449 2196 546 2259 iudex
568 2195 697 2279 quidem
720 2196 782 2259 erit
805 2197 843 2260 de
866 2196 938 2280 ipso
962 2197 1082 2280 amico;

76 2284 168 2368 ponit
192 2283 278 2347 enim
300 2305 472 2367 personam
495 2283 599 2367 amici,
622 2305 695 2348 cum
717 2282 823 2348 induit
841 2284 963 2349 iudicis.
999 2284 1082 2349 Tan-

77 2377 147 2435 tum
179 2371 269 2434 dabit
302 2371 476 2454 amicitiae,
510 2375 548 2435 ut
579 2393 690 2436 veram
722 2372 817 2436 amici
849 2394 979 2437 causam
1011 2394 1081 2437 esse

77 2460 179 2543 malit,
201 2463 238 2523 ut
257 2459 396 2551 orandae
415 2459 483 2522 litis
502 2462 640 2543 tempus,
663 2459 769 2542 quoad
790 2460 956 2545 perleges
976 2460 1081 2543 liceat,

77 2547 305 2612 accommodet.
342 2545 422 2612 Cum
446 2568 521 2611 vero
544 2547 651 2610 iurato
676 2547 837 2610 sententia
859 2546 992 2612 dicenda
1011 2549 1081 2632 erit,
1100 2561 1134 2610 44

77 2632 259 2700 meminerit
283 2635 377 2699 deum
405 2656 439 2699 se
467 2634 618 2698 adhibere
645 2636 778 2717 testem,
804 2633 838 2697 id
866 2638 929 2718 est,
955 2639 993 2699 ut
1020 2657 1081 2720 ego

77 2724 231 2805 arbitror,
255 2727 396 2787 mentem
420 2744 525 2804 suam,
555 2743 619 2805 qua
640 2720 723 2784 nihil
746 2720 870 2784 homini
893 2721 981 2785 dedit
1004 2723 1081 2786 deus

76 2811 146 2895 ipse
169 2810 317 2876 divinius.
353 2809 467 2894 Itaque
492 2809 695 2894 praeclarum
719 2830 739 2872 a
761 2808 937 2872 maioribus
962 2810 1081 2893 accepi-

76 2921 147 2962 mus
171 2920 294 2963 morem
316 2898 455 2983 rogandi
477 2896 600 2981 iudicis,
623 2897 651 2960 si
674 2918 747 2960 eum
769 2900 965 2979 teneremus,
989 2914 1080 2973 quau

76 3004 188 3052 snauh
207 3005 291 3051 uma
310 3003 448 3050 uacuum
468 3001 596 3051 Posslr.
632 2982 721 3049 Haec
744 2984 873 3069 rogatio
897 2984 937 3048 ad
956 3006 994 3048 ea
1012 3005 1081 3067 per·

75 3074 173 3157 tinet,
205 3096 287 3159 quae
314 3075 413 3159 paulo
441 3077 517 3137 ante
544 3072 610 3136 dixi
636 3071 772 3137 honeste
801 3071 904 3136 amico
933 3094 952 3135 a
978 3071 1081 3136 iudice

74 3184 170 3245 posse
190 3162 333 3246 concedi,
355 3184 432 3226 nam
452 3162 480 3225 si
498 3161 607 3226 omnia
624 3160 772 3225 facienda
790 3159 864 3242 sint,
886 3181 967 3242 quae
986 3160 1081 3224 amici

74 3250 187 3334 uelint,
210 3272 275 3315 non
295 3250 455 3315 amicitiae
473 3250 565 3332 tales,
589 3249 645 3313 sed
664 3247 900 3313 coniurationes
919 3248 1081 3332 putandae

75 3337 150 3402 sint.
195 3339 326 3422 Loquor
353 3342 461 3402 autem
489 3336 527 3401 de
555 3337 778 3403 communibus
809 3335 973 3420 amicitiis,
1004 3359 1080 3402 nam

73 3425 109 3489 in
132 3427 333 3512 sapientibus
356 3426 435 3491 viris
456 3425 669 3510 perfectisque
687 3424 770 3489 nihil
788 3427 898 3509 potest
916 3446 985 3489 esse
1004 3426 1081 3490 tale.

73 3512 255 3580 Damonem
280 3519 312 3579 et
330 3513 496 3579 Phintiam
514 3513 737 3599 Pythagoreos
760 3511 869 3577 ferunt
890 3513 952 3578 hoc
972 3515 1080 3580 animo
