<?xml version="1.0" encoding="UTF-8"?>
<!DOCTYPE html PUBLIC "-//W3C//DTD XHTML 1.0 Transitional//EN"
    "http://www.w3.org/TR/xhtml1/DTD/xhtml1-transitional.dtd">
<html xmlns="http://www.w3.org/1999/xhtml" xml:lang="en" lang="en">
 <head>
  <title>
</title>
<meta http-equiv="Content-Type" content="text/html;charset=utf-8" />
  <meta name='ocr-system' content='tesseract 3.04.00' />
  <meta name='ocr-capabilities' content='ocr_page ocr_carea ocr_par ocr_line ocrx_word'/>
</head>
<body>
  <div class='ocr_page' id='page_1' title='image "./cicerosphilosop00cicegoog_0302.png"; bbox 0 0 2446 3944; ppageno 0'>
   <div class='ocr_carea' id='block_1_1' title="bbox 526 186 766 251">
    <p class='ocr_par' dir='ltr' id='par_1_1' title="bbox 526 186 766 251">
     <span class='ocr_line' id='line_1_1' title="bbox 526 186 766 251; baseline -0.004 -1"><span class='ocrx_word' id='word_1_1' title='bbox 526 186 766 251; x_wconf 81' lang='lat'><strong>-286-</strong></span> 
     </span>
    </p>
   </div>
   <div class='ocr_carea' id='block_1_2' title="bbox 61 346 1151 3719">
    <p class='ocr_par' dir='ltr' id='par_1_2' title="bbox 61 346 1151 3719">
     <span class='ocr_line' id='line_1_2' title="bbox 143 346 1151 432; baseline 0.001 -18"><span class='ocrx_word' id='word_1_2' title='bbox 143 353 181 414; x_wconf 94' lang='lat' dir='ltr'>ut</span> <span class='ocrx_word' id='word_1_3' title='bbox 203 348 388 413; x_wconf 89' lang='lat' dir='ltr'>reficiantur</span> <span class='ocrx_word' id='word_1_4' title='bbox 410 348 505 430; x_wconf 88' lang='lat' dir='ltr'>vires,</span> <span class='ocrx_word' id='word_1_5' title='bbox 526 369 593 414; x_wconf 92' lang='lat' dir='ltr'>non</span> <span class='ocrx_word' id='word_1_6' title='bbox 615 348 848 432; x_wconf 78' lang='lat' dir='ltr'><strong>opprimantur.</strong></span> <span class='ocrx_word' id='word_1_7' title='bbox 889 346 958 414; x_wconf 92' lang='lat' dir='ltr'>Nec</span> <span class='ocrx_word' id='word_1_8' title='bbox 980 370 1057 415; x_wconf 90' lang='lat' dir='ltr'>vero</span> <span class='ocrx_word' id='word_1_9' title='bbox 1082 371 1151 415; x_wconf 90' lang='lat' dir='ltr'>cor-</span> 
     </span>
     <span class='ocr_line' id='line_1_3' title="bbox 143 435 1149 522; baseline 0 -20"><span class='ocrx_word' id='word_1_10' title='bbox 143 437 217 522; x_wconf 88' lang='lat' dir='ltr'>pori</span> <span class='ocrx_word' id='word_1_11' title='bbox 239 436 345 501; x_wconf 90' lang='lat' dir='ltr'>solum</span> <span class='ocrx_word' id='word_1_12' title='bbox 368 435 620 500; x_wconf 87' lang='lat' dir='ltr'>subveniendum</span> <span class='ocrx_word' id='word_1_13' title='bbox 643 439 702 521; x_wconf 89' lang='lat' dir='ltr'>est,</span> <span class='ocrx_word' id='word_1_14' title='bbox 725 436 781 500; x_wconf 85' lang='lat' dir='ltr'>sed</span> <span class='ocrx_word' id='word_1_15' title='bbox 803 435 905 500; x_wconf 91' lang='lat' dir='ltr'>menti</span> <span class='ocrx_word' id='word_1_16' title='bbox 924 439 1021 519; x_wconf 90' lang='lat' dir='ltr'>atque</span> <span class='ocrx_word' id='word_1_17' title='bbox 1040 437 1149 502; x_wconf 89' lang='lat' dir='ltr'>animo</span> 
     </span>
     <span class='ocr_line' id='line_1_4' title="bbox 144 523 1151 609; baseline 0.002 -21"><span class='ocrx_word' id='word_1_18' title='bbox 144 524 247 589; x_wconf 91' lang='lat' dir='ltr'>multo</span> <span class='ocrx_word' id='word_1_19' title='bbox 270 523 391 608; x_wconf 80' lang='lat' dir='ltr'>magis3</span> <span class='ocrx_word' id='word_1_20' title='bbox 412 545 488 589; x_wconf 89' lang='lat' dir='ltr'>nam</span> <span class='ocrx_word' id='word_1_21' title='bbox 509 523 589 589; x_wconf 89' lang='lat' dir='ltr'>haec</span> <span class='ocrx_word' id='word_1_22' title='bbox 607 546 743 609; x_wconf 87' lang='lat' dir='ltr'>qnoque,</span> <span class='ocrx_word' id='word_1_23' title='bbox 765 523 829 588; x_wconf 88' lang='lat' dir='ltr'>nisi</span> <span class='ocrx_word' id='word_1_24' title='bbox 846 528 1015 608; x_wconf 79' lang='lat' dir='ltr'><strong>tamquam</strong></span> <span class='ocrx_word' id='word_1_25' title='bbox 1033 525 1151 590; x_wconf 93' lang='lat' dir='ltr'>lumini</span> 
     </span>
     <span class='ocr_line' id='line_1_5' title="bbox 144 611 1151 697; baseline 0.001 -20"><span class='ocrx_word' id='word_1_26' title='bbox 144 614 251 678; x_wconf 91' lang='lat' dir='ltr'>oleum</span> <span class='ocrx_word' id='word_1_27' title='bbox 277 612 431 694; x_wconf 79' lang='lat' dir='ltr'>instillas,</span> <span class='ocrx_word' id='word_1_28' title='bbox 464 611 695 697; x_wconf 91' lang='lat' dir='ltr'>extinguuntur</span> <span class='ocrx_word' id='word_1_29' title='bbox 723 615 894 676; x_wconf 76' lang='lat' dir='ltr'>senectute.</span> <span class='ocrx_word' id='word_1_30' title='bbox 939 612 984 676; x_wconf 82' lang='lat' dir='ltr'>Et</span> <span class='ocrx_word' id='word_1_31' title='bbox 1012 634 1151 697; x_wconf 91' lang='lat' dir='ltr'>corpora</span> 
     </span>
     <span class='ocr_line' id='line_1_6' title="bbox 144 698 1151 785; baseline 0.001 -21"><span class='ocrx_word' id='word_1_32' title='bbox 144 701 271 784; x_wconf 91' lang='lat' dir='ltr'>quidem</span> <span class='ocrx_word' id='word_1_33' title='bbox 283 699 547 765; x_wconf 72' lang='lat' dir='ltr'>exercitationum</span> <span class='ocrx_word' id='word_1_34' title='bbox 557 698 787 785; x_wconf 88' lang='lat' dir='ltr'>defatigatione</span> <span class='ocrx_word' id='word_1_35' title='bbox 796 700 1034 785; x_wconf 87' lang='lat' dir='ltr'>ingravescunt,</span> <span class='ocrx_word' id='word_1_36' title='bbox 1049 701 1151 765; x_wconf 91' lang='lat' dir='ltr'>animi</span> 
     </span>
     <span class='ocr_line' id='line_1_7' title="bbox 144 786 1150 871; baseline 0 -18"><span class='ocrx_word' id='word_1_37' title='bbox 144 792 253 853; x_wconf 89' lang='lat' dir='ltr'>autem</span> <span class='ocrx_word' id='word_1_38' title='bbox 282 788 456 853; x_wconf 89' lang='lat' dir='ltr'>exercendo</span> <span class='ocrx_word' id='word_1_39' title='bbox 488 788 646 853; x_wconf 88' lang='lat' dir='ltr'>levantur.</span> <span class='ocrx_word' id='word_1_40' title='bbox 672 786 777 852; x_wconf 74' lang='lat' dir='ltr'>&#39;Nam</span> <span class='ocrx_word' id='word_1_41' title='bbox 808 810 889 871; x_wconf 92' lang='lat' dir='ltr'>quos</span> <span class='ocrx_word' id='word_1_42' title='bbox 920 789 967 852; x_wconf 92' lang='lat' dir='ltr'>ait</span> <span class='ocrx_word' id='word_1_43' title='bbox 990 787 1150 853; x_wconf 81' lang='lat' dir='ltr'>Caecilius</span> 
     </span>
     <span class='ocr_line' id='line_1_8' title="bbox 144 874 1150 961; baseline -0.001 -19"><span class='ocrx_word' id='word_1_44' title='bbox 144 875 325 942; x_wconf 75' lang='lat' dir='ltr'>‘comicos</span> <span class='ocrx_word' id='word_1_45' title='bbox 354 875 499 940; x_wconf 90' lang='lat' dir='ltr'>stultos</span> <span class='ocrx_word' id='word_1_46' title='bbox 528 874 663 961; x_wconf 89' lang='lat' dir='ltr'>senes’,</span> <span class='ocrx_word' id='word_1_47' title='bbox 695 876 756 940; x_wconf 90' lang='lat' dir='ltr'>bos</span> <span class='ocrx_word' id='word_1_48' title='bbox 792 876 955 961; x_wconf 87' lang='lat' dir='ltr'>significat</span> <span class='ocrx_word' id='word_1_49' title='bbox 991 877 1150 961; x_wconf 85' lang='lat' dir='ltr'>credulos,</span> 
     </span>
     <span class='ocr_line' id='line_1_9' title="bbox 144 963 1149 1049; baseline 0 -21"><span class='ocrx_word' id='word_1_50' title='bbox 144 964 335 1048; x_wconf 83' lang='lat' dir='ltr'>obliviosos,</span> <span class='ocrx_word' id='word_1_51' title='bbox 358 964 547 1047; x_wconf 90' lang='lat' dir='ltr'>dissolutos,</span> <span class='ocrx_word' id='word_1_52' title='bbox 569 985 652 1047; x_wconf 91' lang='lat' dir='ltr'>quae</span> <span class='ocrx_word' id='word_1_53' title='bbox 674 963 755 1028; x_wconf 88' lang='lat' dir='ltr'>vitia</span> <span class='ocrx_word' id='word_1_54' title='bbox 778 967 854 1027; x_wconf 92' lang='lat' dir='ltr'>sunt</span> <span class='ocrx_word' id='word_1_55' title='bbox 875 985 941 1028; x_wconf 95' lang='lat' dir='ltr'>non</span> <span class='ocrx_word' id='word_1_56' title='bbox 964 965 1149 1049; x_wconf 89' lang='lat' dir='ltr'>senectutis,</span> 
     </span>
     <span class='ocr_line' id='line_1_10' title="bbox 144 1051 1150 1137; baseline 0.001 -21"><span class='ocrx_word' id='word_1_57' title='bbox 144 1053 201 1116; x_wconf 90' lang='lat' dir='ltr'>sed</span> <span class='ocrx_word' id='word_1_58' title='bbox 218 1051 341 1134; x_wconf 90' lang='lat' dir='ltr'>inertis,</span> <span class='ocrx_word' id='word_1_59' title='bbox 359 1051 504 1135; x_wconf 80' lang='lat' dir='ltr'>ignavae,</span> <span class='ocrx_word' id='word_1_60' title='bbox 525 1052 760 1116; x_wconf 86' lang='lat' dir='ltr'>somniculosae</span> <span class='ocrx_word' id='word_1_61' title='bbox 779 1051 962 1116; x_wconf 84' lang='lat' dir='ltr'>senectutis.</span> <span class='ocrx_word' id='word_1_62' title='bbox 994 1051 1041 1117; x_wconf 92' lang='lat' dir='ltr'>Ut</span> <span class='ocrx_word' id='word_1_63' title='bbox 1058 1056 1150 1137; x_wconf 90' lang='lat' dir='ltr'>petu-</span> 
     </span>
     <span class='ocr_line' id='line_1_11' title="bbox 144 1138 1149 1226; baseline 0.001 -23"><span class='ocrx_word' id='word_1_64' title='bbox 144 1139 256 1222; x_wconf 90' lang='lat' dir='ltr'>lantia,</span> <span class='ocrx_word' id='word_1_65' title='bbox 274 1142 312 1203; x_wconf 93' lang='lat' dir='ltr'>ut</span> <span class='ocrx_word' id='word_1_66' title='bbox 329 1139 430 1204; x_wconf 91' lang='lat' dir='ltr'>libido</span> <span class='ocrx_word' id='word_1_67' title='bbox 449 1139 554 1224; x_wconf 88' lang='lat' dir='ltr'>magis</span> <span class='ocrx_word' id='word_1_68' title='bbox 573 1143 624 1203; x_wconf 90' lang='lat' dir='ltr'>est</span> <span class='ocrx_word' id='word_1_69' title='bbox 642 1138 894 1204; x_wconf 88' lang='lat' dir='ltr'>adulescentium</span> <span class='ocrx_word' id='word_1_70' title='bbox 913 1161 1011 1223; x_wconf 87' lang='lat' dir='ltr'>quam</span> <span class='ocrx_word' id='word_1_71' title='bbox 1026 1162 1149 1226; x_wconf 90' lang='lat' dir='ltr'>senum,</span> 
     </span>
     <span class='ocr_line' id='line_1_12' title="bbox 143 1226 1149 1312; baseline 0.002 -21"><span class='ocrx_word' id='word_1_72' title='bbox 143 1249 202 1292; x_wconf 93' lang='lat' dir='ltr'>nec</span> <span class='ocrx_word' id='word_1_73' title='bbox 224 1232 335 1291; x_wconf 89' lang='lat' dir='ltr'>tamen</span> <span class='ocrx_word' id='word_1_74' title='bbox 357 1226 500 1292; x_wconf 92' lang='lat' dir='ltr'>omnium</span> <span class='ocrx_word' id='word_1_75' title='bbox 521 1227 782 1310; x_wconf 88' lang='lat' dir='ltr'>adulescentium,</span> <span class='ocrx_word' id='word_1_76' title='bbox 806 1227 944 1292; x_wconf 91' lang='lat' dir='ltr'>sednon</span> <span class='ocrx_word' id='word_1_77' title='bbox 962 1229 1149 1312; x_wconf 89' lang='lat' dir='ltr'>proborum,</span> 
     </span>
     <span class='ocr_line' id='line_1_13' title="bbox 145 1314 1149 1401; baseline 0.002 -23"><span class='ocrx_word' id='word_1_78' title='bbox 145 1315 191 1380; x_wconf 91' lang='lat' dir='ltr'>sic</span> <span class='ocrx_word' id='word_1_79' title='bbox 208 1315 274 1379; x_wconf 86' lang='lat' dir='ltr'>ista</span> <span class='ocrx_word' id='word_1_80' title='bbox 292 1314 402 1379; x_wconf 90' lang='lat' dir='ltr'>senilis</span> <span class='ocrx_word' id='word_1_81' title='bbox 426 1314 576 1399; x_wconf 87' lang='lat' dir='ltr'>stultitia,</span> <span class='ocrx_word' id='word_1_82' title='bbox 599 1336 681 1398; x_wconf 88' lang='lat' dir='ltr'>quae</span> <span class='ocrx_word' id='word_1_83' title='bbox 705 1315 853 1380; x_wconf 85' lang='lat' dir='ltr'>deliratio</span> <span class='ocrx_word' id='word_1_84' title='bbox 872 1316 1031 1399; x_wconf 89' lang='lat' dir='ltr'>appellari</span> <span class='ocrx_word' id='word_1_85' title='bbox 1054 1317 1149 1401; x_wconf 90' lang='lat' dir='ltr'>solet,</span> 
     </span>
     <span class='ocr_line' id='line_1_14' title="bbox 92 1401 1148 1487; baseline 0 -19"><span class='ocrx_word' id='word_1_86' title='bbox 92 1418 124 1468; x_wconf 79' lang='grc'>37</span> <span class='ocrx_word' id='word_1_87' title='bbox 145 1425 257 1467; x_wconf 90' lang='lat' dir='ltr'>senum</span> <span class='ocrx_word' id='word_1_88' title='bbox 284 1402 405 1467; x_wconf 89' lang='lat' dir='ltr'>levium</span> <span class='ocrx_word' id='word_1_89' title='bbox 433 1406 495 1487; x_wconf 89' lang='lat' dir='ltr'>est,</span> <span class='ocrx_word' id='word_1_90' title='bbox 521 1424 587 1468; x_wconf 92' lang='lat' dir='ltr'>non</span> <span class='ocrx_word' id='word_1_91' title='bbox 614 1403 766 1468; x_wconf 90' lang='lat' dir='ltr'>omnium.</span> <span class='ocrx_word' id='word_1_92' title='bbox 812 1401 973 1478; x_wconf 80' lang='lat' dir='ltr'>Quattuor</span> <span class='ocrx_word' id='word_1_93' title='bbox 995 1405 1148 1468; x_wconf 88' lang='lat' dir='ltr'>robustos</span> 
     </span>
     <span class='ocr_line' id='line_1_15' title="bbox 144 1488 1148 1575; baseline 0.002 -21"><span class='ocrx_word' id='word_1_94' title='bbox 144 1491 239 1574; x_wconf 89' lang='lat' dir='ltr'>filios,</span> <span class='ocrx_word' id='word_1_95' title='bbox 263 1488 403 1574; x_wconf 83' lang='lat' dir='ltr'>quinque</span> <span class='ocrx_word' id='word_1_96' title='bbox 425 1491 519 1574; x_wconf 88' lang='lat' dir='ltr'>filias,</span> <span class='ocrx_word' id='word_1_97' title='bbox 542 1495 669 1555; x_wconf 90' lang='lat' dir='ltr'>tantam</span> <span class='ocrx_word' id='word_1_98' title='bbox 688 1491 827 1575; x_wconf 90' lang='lat' dir='ltr'>domum,</span> <span class='ocrx_word' id='word_1_99' title='bbox 849 1494 960 1555; x_wconf 89' lang='lat' dir='ltr'>tantas</span> <span class='ocrx_word' id='word_1_100' title='bbox 979 1491 1148 1556; x_wconf 88' lang='lat' dir='ltr'>clientelas</span> 
     </span>
     <span class='ocr_line' id='line_1_16' title="bbox 144 1577 1149 1664; baseline -0.001 -19"><span class='ocrx_word' id='word_1_101' title='bbox 144 1577 271 1663; x_wconf 88' lang='lat' dir='ltr'>Appius</span> <span class='ocrx_word' id='word_1_102' title='bbox 285 1580 420 1664; x_wconf 88' lang='lat' dir='ltr'>regebat</span> <span class='ocrx_word' id='word_1_103' title='bbox 438 1583 471 1642; x_wconf 94' lang='lat' dir='ltr'>et</span> <span class='ocrx_word' id='word_1_104' title='bbox 488 1601 600 1645; x_wconf 89' lang='lat' dir='ltr'>caecus</span> <span class='ocrx_word' id='word_1_105' title='bbox 620 1583 652 1643; x_wconf 90' lang='lat' dir='ltr'>et</span> <span class='ocrx_word' id='word_1_106' title='bbox 671 1600 780 1662; x_wconf 81' lang='lat' dir='ltr'>senex3</span> <span class='ocrx_word' id='word_1_107' title='bbox 798 1579 959 1643; x_wconf 90' lang='lat' dir='ltr'>intentum</span> <span class='ocrx_word' id='word_1_108' title='bbox 978 1580 1063 1644; x_wconf 91' lang='lat' dir='ltr'>enim</span> <span class='ocrx_word' id='word_1_109' title='bbox 1083 1580 1149 1644; x_wconf 90' lang='lat' dir='ltr'>ani·</span> 
     </span>
     <span class='ocr_line' id='line_1_17' title="bbox 144 1667 1150 1753; baseline 0.002 -23"><span class='ocrx_word' id='word_1_110' title='bbox 144 1689 233 1730; x_wconf 90' lang='lat' dir='ltr'>mum</span> <span class='ocrx_word' id='word_1_111' title='bbox 260 1670 428 1749; x_wconf 88' lang='lat' dir='ltr'>tamquam</span> <span class='ocrx_word' id='word_1_112' title='bbox 455 1689 565 1733; x_wconf 90' lang='lat' dir='ltr'>arcum</span> <span class='ocrx_word' id='word_1_113' title='bbox 591 1667 735 1732; x_wconf 89' lang='lat' dir='ltr'>babebat</span> <span class='ocrx_word' id='word_1_114' title='bbox 761 1688 820 1731; x_wconf 90' lang='lat' dir='ltr'>nec</span> <span class='ocrx_word' id='word_1_115' title='bbox 845 1667 1056 1753; x_wconf 83' lang='lat' dir='ltr'>languescens</span> <span class='ocrx_word' id='word_1_116' title='bbox 1080 1689 1150 1733; x_wconf 86' lang='lat' dir='ltr'>suc·</span> 
     </span>
     <span class='ocr_line' id='line_1_18' title="bbox 144 1755 1149 1838; baseline 0 -19"><span class='ocrx_word' id='word_1_117' title='bbox 144 1755 316 1819; x_wconf 90' lang='lat' dir='ltr'>cumbebat</span> <span class='ocrx_word' id='word_1_118' title='bbox 340 1755 510 1838; x_wconf 72' lang='lat' dir='ltr'>senectuti,</span> <span class='ocrx_word' id='word_1_119' title='bbox 536 1755 668 1820; x_wconf 90' lang='lat' dir='ltr'>tenebat</span> <span class='ocrx_word' id='word_1_120' title='bbox 694 1777 761 1819; x_wconf 89' lang='lat' dir='ltr'>non</span> <span class='ocrx_word' id='word_1_121' title='bbox 786 1755 882 1820; x_wconf 92' lang='lat' dir='ltr'>modo</span> <span class='ocrx_word' id='word_1_122' title='bbox 911 1755 1149 1838; x_wconf 86' lang='lat' dir='ltr'>auctoritatem,</span> 
     </span>
     <span class='ocr_line' id='line_1_19' title="bbox 144 1842 1149 1927; baseline 0.004 -22"><span class='ocrx_word' id='word_1_123' title='bbox 144 1842 201 1906; x_wconf 93' lang='lat' dir='ltr'>sed</span> <span class='ocrx_word' id='word_1_124' title='bbox 223 1842 322 1906; x_wconf 90' lang='lat' dir='ltr'>etiam</span> <span class='ocrx_word' id='word_1_125' title='bbox 344 1842 514 1926; x_wconf 88' lang='lat' dir='ltr'>imperium</span> <span class='ocrx_word' id='word_1_126' title='bbox 541 1843 577 1907; x_wconf 91' lang='lat' dir='ltr'>in</span> <span class='ocrx_word' id='word_1_127' title='bbox 602 1865 690 1926; x_wconf 88' lang='lat' dir='ltr'>suos,</span> <span class='ocrx_word' id='word_1_128' title='bbox 718 1844 906 1907; x_wconf 89' lang='lat' dir='ltr'>metuebant</span> <span class='ocrx_word' id='word_1_129' title='bbox 934 1843 1032 1927; x_wconf 89' lang='lat' dir='ltr'>servi,</span> <span class='ocrx_word' id='word_1_130' title='bbox 1061 1866 1149 1909; x_wconf 89' lang='lat' dir='ltr'>vere-</span> 
     </span>
     <span class='ocr_line' id='line_1_20' title="bbox 143 1928 1149 2031; baseline 0.002 -39"><span class='ocrx_word' id='word_1_131' title='bbox 143 1928 262 1993; x_wconf 88' lang='lat' dir='ltr'>bantur</span> <span class='ocrx_word' id='word_1_132' title='bbox 284 1929 387 2013; x_wconf 92' lang='lat' dir='ltr'>liberi,</span> <span class='ocrx_word' id='word_1_133' title='bbox 409 1951 519 1994; x_wconf 89' lang='lat' dir='ltr'>carum</span> <span class='ocrx_word' id='word_1_134' title='bbox 542 1952 652 1995; x_wconf 87' lang='lat' dir='ltr'>omnes</span> <span class='ocrx_word' id='word_1_135' title='bbox 675 1931 856 2015; x_wconf 70' lang='lat' dir='ltr'>habebant,</span> <span class='ocrx_word' id='word_1_136' title='bbox 877 1931 1010 2031; x_wconf 84' lang='lat' dir='ltr'>vigebat</span> <span class='ocrx_word' id='word_1_137' title='bbox 1031 1931 1066 1994; x_wconf 93' lang='lat' dir='ltr'>in</span> <span class='ocrx_word' id='word_1_138' title='bbox 1088 1932 1149 1995; x_wconf 90' lang='lat' dir='ltr'>illa</span> 
     </span>
     <span class='ocr_line' id='line_1_21' title="bbox 91 2016 1147 2103; baseline 0.002 -21"><span class='ocrx_word' id='word_1_139' title='bbox 91 2032 125 2082; x_wconf 83' lang='lat'>38</span> <span class='ocrx_word' id='word_1_140' title='bbox 145 2016 239 2081; x_wconf 92' lang='lat' dir='ltr'>domo</span> <span class='ocrx_word' id='word_1_141' title='bbox 267 2017 393 2100; x_wconf 89' lang='lat' dir='ltr'>patrius</span> <span class='ocrx_word' id='word_1_142' title='bbox 420 2040 490 2082; x_wconf 90' lang='lat' dir='ltr'>mos</span> <span class='ocrx_word' id='word_1_143' title='bbox 518 2021 551 2082; x_wconf 93' lang='lat' dir='ltr'>et</span> <span class='ocrx_word' id='word_1_144' title='bbox 581 2018 758 2103; x_wconf 87' lang='lat' dir='ltr'>disciplina.</span> <span class='ocrx_word' id='word_1_145' title='bbox 802 2019 855 2083; x_wconf 91' lang='lat' dir='ltr'>Ita</span> <span class='ocrx_word' id='word_1_146' title='bbox 882 2041 967 2083; x_wconf 92' lang='lat' dir='ltr'>emm</span> <span class='ocrx_word' id='word_1_147' title='bbox 998 2023 1147 2084; x_wconf 87' lang='lat' dir='ltr'>senectus</span> 
     </span>
     <span class='ocr_line' id='line_1_22' title="bbox 143 2104 1149 2191; baseline 0.002 -24"><span class='ocrx_word' id='word_1_148' title='bbox 143 2104 280 2168; x_wconf 89' lang='lat' dir='ltr'>honesta</span> <span class='ocrx_word' id='word_1_149' title='bbox 303 2108 365 2187; x_wconf 87' lang='lat' dir='ltr'>est,</span> <span class='ocrx_word' id='word_1_150' title='bbox 393 2105 421 2168; x_wconf 88' lang='lat' dir='ltr'>si</span> <span class='ocrx_word' id='word_1_151' title='bbox 444 2127 477 2169; x_wconf 93' lang='lat' dir='ltr'>se</span> <span class='ocrx_word' id='word_1_152' title='bbox 500 2105 572 2189; x_wconf 86' lang='lat' dir='ltr'>ipsa</span> <span class='ocrx_word' id='word_1_153' title='bbox 595 2106 749 2191; x_wconf 82' lang='lat' dir='ltr'>defendit,</span> <span class='ocrx_word' id='word_1_154' title='bbox 779 2106 808 2171; x_wconf 92' lang='lat' dir='ltr'>si</span> <span class='ocrx_word' id='word_1_155' title='bbox 829 2107 879 2171; x_wconf 91' lang='lat' dir='ltr'>ius</span> <span class='ocrx_word' id='word_1_156' title='bbox 904 2128 996 2170; x_wconf 93' lang='lat' dir='ltr'>suum</span> <span class='ocrx_word' id='word_1_157' title='bbox 1018 2106 1149 2189; x_wconf 89' lang='lat' dir='ltr'>retinet,</span> 
     </span>
     <span class='ocr_line' id='line_1_23' title="bbox 144 2191 1149 2278; baseline 0.002 -22"><span class='ocrx_word' id='word_1_158' title='bbox 144 2191 172 2256; x_wconf 86' lang='lat' dir='ltr'>si</span> <span class='ocrx_word' id='word_1_159' title='bbox 194 2191 315 2255; x_wconf 87' lang='lat' dir='ltr'>nemini</span> <span class='ocrx_word' id='word_1_160' title='bbox 338 2193 541 2277; x_wconf 86' lang='lat' dir='ltr'>emancipata</span> <span class='ocrx_word' id='word_1_161' title='bbox 563 2197 623 2278; x_wconf 90' lang='lat' dir='ltr'>est,</span> <span class='ocrx_word' id='word_1_162' title='bbox 645 2194 674 2257; x_wconf 88' lang='lat' dir='ltr'>si</span> <span class='ocrx_word' id='word_1_163' title='bbox 695 2215 797 2277; x_wconf 92' lang='lat' dir='ltr'>usque</span> <span class='ocrx_word' id='word_1_164' title='bbox 820 2194 861 2258; x_wconf 88' lang='lat' dir='ltr'>ad</span> <span class='ocrx_word' id='word_1_165' title='bbox 883 2194 1033 2257; x_wconf 87' lang='lat' dir='ltr'>ultimum</span> <span class='ocrx_word' id='word_1_166' title='bbox 1054 2193 1149 2278; x_wconf 88' lang='lat' dir='ltr'>spiri-</span> 
     </span>
     <span class='ocr_line' id='line_1_24' title="bbox 143 2279 1149 2365; baseline 0.004 -22"><span class='ocrx_word' id='word_1_167' title='bbox 143 2283 214 2343; x_wconf 88' lang='lat' dir='ltr'>tum</span> <span class='ocrx_word' id='word_1_168' title='bbox 242 2279 425 2344; x_wconf 89' lang='lat' dir='ltr'>dominatur</span> <span class='ocrx_word' id='word_1_169' title='bbox 451 2281 486 2344; x_wconf 92' lang='lat' dir='ltr'>in</span> <span class='ocrx_word' id='word_1_170' title='bbox 513 2303 596 2346; x_wconf 87' lang='lat' dir='ltr'>suos.</span> <span class='ocrx_word' id='word_1_171' title='bbox 640 2280 688 2346; x_wconf 93' lang='lat' dir='ltr'>Ut</span> <span class='ocrx_word' id='word_1_172' title='bbox 715 2282 801 2347; x_wconf 89' lang='lat' dir='ltr'>enim</span> <span class='ocrx_word' id='word_1_173' title='bbox 830 2282 1081 2365; x_wconf 90' lang='lat' dir='ltr'>adulescentem,</span> <span class='ocrx_word' id='word_1_174' title='bbox 1113 2283 1149 2347; x_wconf 92' lang='lat' dir='ltr'>in</span> 
     </span>
     <span class='ocr_line' id='line_1_25' title="bbox 144 2368 1148 2453; baseline 0.004 -23"><span class='ocrx_word' id='word_1_175' title='bbox 144 2388 207 2450; x_wconf 91' lang='lat' dir='ltr'>quo</span> <span class='ocrx_word' id='word_1_176' title='bbox 231 2371 281 2430; x_wconf 89' lang='lat' dir='ltr'>est</span> <span class='ocrx_word' id='word_1_177' title='bbox 304 2368 403 2432; x_wconf 92' lang='lat' dir='ltr'>senile</span> <span class='ocrx_word' id='word_1_178' title='bbox 426 2368 561 2453; x_wconf 92' lang='lat' dir='ltr'>aliquid,</span> <span class='ocrx_word' id='word_1_179' title='bbox 588 2369 633 2434; x_wconf 92' lang='lat' dir='ltr'>sic</span> <span class='ocrx_word' id='word_1_180' title='bbox 657 2391 779 2452; x_wconf 90' lang='lat' dir='ltr'>senem,</span> <span class='ocrx_word' id='word_1_181' title='bbox 806 2369 840 2433; x_wconf 91' lang='lat' dir='ltr'>in</span> <span class='ocrx_word' id='word_1_182' title='bbox 863 2392 927 2453; x_wconf 94' lang='lat' dir='ltr'>quo</span> <span class='ocrx_word' id='word_1_183' title='bbox 950 2373 1000 2433; x_wconf 88' lang='lat' dir='ltr'>est</span> <span class='ocrx_word' id='word_1_184' title='bbox 1024 2369 1148 2452; x_wconf 89' lang='lat' dir='ltr'>aliquid</span> 
     </span>
     <span class='ocr_line' id='line_1_26' title="bbox 144 2455 1148 2542; baseline 0.001 -23"><span class='ocrx_word' id='word_1_185' title='bbox 144 2455 366 2538; x_wconf 85' lang='lat' dir='ltr'>adulescentis,</span> <span class='ocrx_word' id='word_1_186' title='bbox 388 2457 506 2540; x_wconf 80' lang='lat' dir='ltr'>probo3</span> <span class='ocrx_word' id='word_1_187' title='bbox 528 2458 613 2542; x_wconf 92' lang='lat' dir='ltr'>quod</span> <span class='ocrx_word' id='word_1_188' title='bbox 638 2457 694 2542; x_wconf 87' lang='lat' dir='ltr'>qui</span> <span class='ocrx_word' id='word_1_189' title='bbox 717 2457 871 2541; x_wconf 89' lang='lat' dir='ltr'>sequitur,</span> <span class='ocrx_word' id='word_1_190' title='bbox 894 2478 1028 2541; x_wconf 93' lang='lat' dir='ltr'>corpore</span> <span class='ocrx_word' id='word_1_191' title='bbox 1051 2479 1148 2521; x_wconf 87' lang='lat' dir='ltr'>senex</span> 
     </span>
     <span class='ocr_line' id='line_1_27' title="bbox 144 2542 1148 2629; baseline 0.002 -23"><span class='ocrx_word' id='word_1_192' title='bbox 144 2564 213 2607; x_wconf 88' lang='lat' dir='ltr'>esse</span> <span class='ocrx_word' id='word_1_193' title='bbox 245 2543 379 2628; x_wconf 88' lang='lat' dir='ltr'>poterit,</span> <span class='ocrx_word' id='word_1_194' title='bbox 410 2544 518 2610; x_wconf 87' lang='lat' dir='ltr'>animo</span> <span class='ocrx_word' id='word_1_195' title='bbox 549 2567 726 2629; x_wconf 88' lang='lat' dir='ltr'>numquam</span> <span class='ocrx_word' id='word_1_196' title='bbox 757 2545 826 2610; x_wconf 92' lang='lat' dir='ltr'>erit.</span> <span class='ocrx_word' id='word_1_197' title='bbox 872 2542 1036 2629; x_wconf 85' lang='lat' dir='ltr'>Septimus</span> <span class='ocrx_word' id='word_1_198' title='bbox 1066 2545 1148 2608; x_wconf 87' lang='lat' dir='ltr'>mihi</span> 
     </span>
     <span class='ocr_line' id='line_1_28' title="bbox 143 2629 1147 2716; baseline 0.003 -22"><span class='ocrx_word' id='word_1_199' title='bbox 143 2630 226 2695; x_wconf 89' lang='lat' dir='ltr'>liber</span> <span class='ocrx_word' id='word_1_200' title='bbox 258 2629 426 2716; x_wconf 85' lang='lat' dir='ltr'>Originum</span> <span class='ocrx_word' id='word_1_201' title='bbox 458 2636 508 2697; x_wconf 91' lang='lat' dir='ltr'>est</span> <span class='ocrx_word' id='word_1_202' title='bbox 538 2633 574 2697; x_wconf 95' lang='lat' dir='ltr'>in</span> <span class='ocrx_word' id='word_1_203' title='bbox 605 2634 768 2716; x_wconf 90' lang='lat' dir='ltr'>manibus,</span> <span class='ocrx_word' id='word_1_204' title='bbox 800 2633 909 2698; x_wconf 87' lang='lat' dir='ltr'>omnia</span> <span class='ocrx_word' id='word_1_205' title='bbox 940 2633 1147 2716; x_wconf 88' lang='lat' dir='ltr'>antiquitatis</span> 
     </span>
     <span class='ocr_line' id='line_1_29' title="bbox 143 2720 1147 2805; baseline 0.003 -23"><span class='ocrx_word' id='word_1_206' title='bbox 143 2722 352 2783; x_wconf 87' lang='lat' dir='ltr'>monumenta</span> <span class='ocrx_word' id='word_1_207' title='bbox 370 2720 498 2805; x_wconf 90' lang='lat' dir='ltr'>colligo,</span> <span class='ocrx_word' id='word_1_208' title='bbox 521 2743 690 2785; x_wconf 82' lang='lat' dir='ltr'>causamn</span> <span class='ocrx_word' id='word_1_209' title='bbox 710 2721 906 2804; x_wconf 89' lang='lat' dir='ltr'>inlustrium,</span> <span class='ocrx_word' id='word_1_210' title='bbox 930 2741 1147 2804; x_wconf 89' lang='lat' dir='ltr'>quascumque</span> 
     </span>
     <span class='ocr_line' id='line_1_30' title="bbox 143 2807 1148 2893; baseline 0.002 -23"><span class='ocrx_word' id='word_1_211' title='bbox 143 2807 278 2891; x_wconf 86' lang='lat' dir='ltr'>defendi,</span> <span class='ocrx_word' id='word_1_212' title='bbox 295 2828 380 2871; x_wconf 92' lang='lat' dir='ltr'>nunc</span> <span class='ocrx_word' id='word_1_213' title='bbox 395 2830 467 2872; x_wconf 92' lang='lat' dir='ltr'>cum</span> <span class='ocrx_word' id='word_1_214' title='bbox 482 2809 620 2873; x_wconf 91' lang='lat' dir='ltr'>maxime</span> <span class='ocrx_word' id='word_1_215' title='bbox 634 2809 767 2873; x_wconf 90' lang='lat' dir='ltr'>conficio</span> <span class='ocrx_word' id='word_1_216' title='bbox 786 2809 959 2890; x_wconf 87' lang='lat' dir='ltr'>orationes,</span> <span class='ocrx_word' id='word_1_217' title='bbox 977 2808 1027 2872; x_wconf 91' lang='lat' dir='ltr'>ius</span> <span class='ocrx_word' id='word_1_218' title='bbox 1047 2829 1148 2893; x_wconf 91' lang='lat' dir='ltr'>augu-</span> 
     </span>
     <span class='ocr_line' id='line_1_31' title="bbox 143 2893 1148 2980; baseline 0 -22"><span class='ocrx_word' id='word_1_219' title='bbox 143 2895 236 2978; x_wconf 89' lang='lat' dir='ltr'>rium,</span> <span class='ocrx_word' id='word_1_220' title='bbox 259 2894 469 2979; x_wconf 87' lang='lat' dir='ltr'>pontificium,</span> <span class='ocrx_word' id='word_1_221' title='bbox 492 2895 585 2960; x_wconf 84' lang='lat' dir='ltr'>ciuile</span> <span class='ocrx_word' id='word_1_222' title='bbox 603 2899 718 2980; x_wconf 88' lang='lat' dir='ltr'>tracto,</span> <span class='ocrx_word' id='word_1_223' title='bbox 741 2896 879 2961; x_wconf 91' lang='lat' dir='ltr'>multum</span> <span class='ocrx_word' id='word_1_224' title='bbox 899 2896 997 2959; x_wconf 88' lang='lat' dir='ltr'>etiam</span> <span class='ocrx_word' id='word_1_225' title='bbox 1016 2893 1148 2960; x_wconf 80' lang='lat' dir='ltr'>Graecis</span> 
     </span>
     <span class='ocr_line' id='line_1_32' title="bbox 142 2981 1149 3068; baseline 0.001 -23"><span class='ocrx_word' id='word_1_226' title='bbox 142 2981 263 3046; x_wconf 88' lang='lat' dir='ltr'>litteris</span> <span class='ocrx_word' id='word_1_227' title='bbox 277 2986 352 3046; x_wconf 91' lang='lat' dir='ltr'>utor</span> <span class='ocrx_word' id='word_1_228' title='bbox 363 2982 704 3068; x_wconf 83' lang='lat' dir='ltr'>Pythagoreorumque</span> <span class='ocrx_word' id='word_1_229' title='bbox 719 3005 808 3049; x_wconf 91' lang='lat' dir='ltr'>more</span> <span class='ocrx_word' id='word_1_230' title='bbox 823 2983 1015 3048; x_wconf 88' lang='lat' dir='ltr'>exercendae</span> <span class='ocrx_word' id='word_1_231' title='bbox 1030 3003 1149 3047; x_wconf 90' lang='lat' dir='ltr'>memo·</span> 
     </span>
     <span class='ocr_line' id='line_1_33' title="bbox 61 3062 1148 3156; baseline 0.003 -25"><span class='ocrx_word' id='word_1_232' title='bbox 61 3062 68 3131; x_wconf 76' lang='lat' dir='ltr'>l</span> <span class='ocrx_word' id='word_1_233' title='bbox 142 3069 210 3134; x_wconf 89' lang='lat' dir='ltr'>riae</span> <span class='ocrx_word' id='word_1_234' title='bbox 225 3070 341 3154; x_wconf 89' lang='lat' dir='ltr'>gratia,</span> <span class='ocrx_word' id='word_1_235' title='bbox 360 3071 436 3154; x_wconf 94' lang='lat' dir='ltr'>quid</span> <span class='ocrx_word' id='word_1_236' title='bbox 455 3092 581 3154; x_wconf 87' lang='lat' dir='ltr'>qnoque</span> <span class='ocrx_word' id='word_1_237' title='bbox 601 3072 651 3136; x_wconf 89' lang='lat' dir='ltr'>die</span> <span class='ocrx_word' id='word_1_238' title='bbox 670 3071 813 3155; x_wconf 89' lang='lat' dir='ltr'>dixerim,</span> <span class='ocrx_word' id='word_1_239' title='bbox 833 3071 997 3154; x_wconf 91' lang='lat' dir='ltr'>audierim,</span> <span class='ocrx_word' id='word_1_240' title='bbox 1016 3071 1148 3156; x_wconf 90' lang='lat' dir='ltr'>egerim,</span> 
     </span>
     <span class='ocr_line' id='line_1_34' title="bbox 143 3157 1150 3244; baseline 0 -23"><span class='ocrx_word' id='word_1_241' title='bbox 143 3178 360 3222; x_wconf 91' lang='lat' dir='ltr'>commemoro</span> <span class='ocrx_word' id='word_1_242' title='bbox 379 3158 513 3242; x_wconf 86' lang='lat' dir='ltr'>vesperi.</span> <span class='ocrx_word' id='word_1_243' title='bbox 549 3157 639 3224; x_wconf 91' lang='lat' dir='ltr'>Haec</span> <span class='ocrx_word' id='word_1_244' title='bbox 658 3163 734 3224; x_wconf 90' lang='lat' dir='ltr'>sunt</span> <span class='ocrx_word' id='word_1_245' title='bbox 752 3159 998 3224; x_wconf 88' lang='lat' dir='ltr'>exercitationes</span> <span class='ocrx_word' id='word_1_246' title='bbox 1017 3158 1150 3244; x_wconf 88' lang='lat' dir='ltr'>ingenii,</span> 
     </span>
     <span class='ocr_line' id='line_1_35' title="bbox 142 3243 1149 3330; baseline 0.002 -23"><span class='ocrx_word' id='word_1_247' title='bbox 142 3243 222 3308; x_wconf 92' lang='lat' dir='ltr'>haec</span> <span class='ocrx_word' id='word_1_248' title='bbox 239 3245 397 3310; x_wconf 88' lang='lat' dir='ltr'>curricula</span> <span class='ocrx_word' id='word_1_249' title='bbox 415 3245 541 3330; x_wconf 89' lang='lat' dir='ltr'>mentis,</span> <span class='ocrx_word' id='word_1_250' title='bbox 559 3246 594 3310; x_wconf 94' lang='lat' dir='ltr'>in</span> <span class='ocrx_word' id='word_1_251' title='bbox 611 3246 663 3311; x_wconf 89' lang='lat' dir='ltr'>bis</span> <span class='ocrx_word' id='word_1_252' title='bbox 683 3247 841 3311; x_wconf 85' lang='lat' dir='ltr'>desudans</span> <span class='ocrx_word' id='word_1_253' title='bbox 861 3250 958 3330; x_wconf 89' lang='lat' dir='ltr'>atque</span> <span class='ocrx_word' id='word_1_254' title='bbox 977 3246 1149 3310; x_wconf 88' lang='lat' dir='ltr'>elaborans</span> 
     </span>
     <span class='ocr_line' id='line_1_36' title="bbox 142 3331 1150 3420; baseline 0.003 -26"><span class='ocrx_word' id='word_1_255' title='bbox 142 3331 286 3415; x_wconf 89' lang='lat' dir='ltr'>corporis</span> <span class='ocrx_word' id='word_1_256' title='bbox 301 3333 386 3397; x_wconf 87' lang='lat' dir='ltr'>vires</span> <span class='ocrx_word' id='word_1_257' title='bbox 397 3355 464 3398; x_wconf 93' lang='lat' dir='ltr'>non</span> <span class='ocrx_word' id='word_1_258' title='bbox 475 3355 593 3420; x_wconf 88' lang='lat' dir='ltr'>magno</span> <span class='ocrx_word' id='word_1_259' title='bbox 604 3356 699 3419; x_wconf 91' lang='lat' dir='ltr'>opere</span> <span class='ocrx_word' id='word_1_260' title='bbox 714 3334 868 3399; x_wconf 89' lang='lat' dir='ltr'>desidero.</span> <span class='ocrx_word' id='word_1_261' title='bbox 887 3333 1013 3398; x_wconf 88' lang='lat' dir='ltr'>Adsum</span> <span class='ocrx_word' id='word_1_262' title='bbox 1027 3333 1150 3416; x_wconf 88' lang='lat' dir='ltr'>amicis,</span> 
     </span>
     <span class='ocr_line' id='line_1_37' title="bbox 86 3419 1149 3509; baseline 0.003 -27"><span class='ocrx_word' id='word_1_263' title='bbox 86 3498 93 3509; x_wconf 26' lang='grc' dir='ltr'>ἱ</span> <span class='ocrx_word' id='word_1_264' title='bbox 142 3419 236 3482; x_wconf 88' lang='lat' dir='ltr'>venio</span> <span class='ocrx_word' id='word_1_265' title='bbox 254 3419 289 3483; x_wconf 91' lang='lat' dir='ltr'>in</span> <span class='ocrx_word' id='word_1_266' title='bbox 308 3425 456 3486; x_wconf 90' lang='lat' dir='ltr'>senatum</span> <span class='ocrx_word' id='word_1_267' title='bbox 474 3420 624 3505; x_wconf 88' lang='lat' dir='ltr'>frequens</span> <span class='ocrx_word' id='word_1_268' title='bbox 643 3422 794 3507; x_wconf 89' lang='lat' dir='ltr'>ultroque</span> <span class='ocrx_word' id='word_1_269' title='bbox 813 3421 923 3487; x_wconf 87' lang='lat' dir='ltr'>adfero</span> <span class='ocrx_word' id='word_1_270' title='bbox 942 3443 994 3486; x_wconf 91' lang='lat' dir='ltr'>res</span> <span class='ocrx_word' id='word_1_271' title='bbox 1008 3422 1149 3486; x_wconf 89' lang='lat' dir='ltr'>multum</span> 
     </span>
     <span class='ocr_line' id='line_1_38' title="bbox 61 3492 1150 3719; baseline 0.002 -149"><span class='ocrx_word' id='word_1_272' title='bbox 61 3492 117 3719; x_wconf 49' lang='grc' dir='ltr'><strong><em>Ἰ</em></strong></span> <span class='ocrx_word' id='word_1_273' title='bbox 141 3510 176 3571; x_wconf 88' lang='lat' dir='ltr'>et</span> <span class='ocrx_word' id='word_1_274' title='bbox 194 3506 249 3572; x_wconf 87' lang='lat' dir='ltr'>diu</span> <span class='ocrx_word' id='word_1_275' title='bbox 266 3507 427 3593; x_wconf 87' lang='lat' dir='ltr'>cogitatas</span> <span class='ocrx_word' id='word_1_276' title='bbox 447 3530 564 3593; x_wconf 89' lang='lat' dir='ltr'>easque</span> <span class='ocrx_word' id='word_1_277' title='bbox 582 3513 675 3575; x_wconf 92' lang='lat' dir='ltr'>tueor</span> <span class='ocrx_word' id='word_1_278' title='bbox 696 3510 804 3595; x_wconf 89' lang='lat' dir='ltr'>animi,</span> <span class='ocrx_word' id='word_1_279' title='bbox 826 3532 892 3575; x_wconf 92' lang='lat' dir='ltr'>non</span> <span class='ocrx_word' id='word_1_280' title='bbox 910 3508 1056 3594; x_wconf 90' lang='lat' dir='ltr'>corporis</span> <span class='ocrx_word' id='word_1_281' title='bbox 1074 3508 1150 3575; x_wconf 82' lang='lat' dir='ltr'>viri·</span> 
     </span>
    </p>
   </div>
   <div class='ocr_carea' id='block_1_3' title="bbox 0 0 1228 3944">
    <p class='ocr_par' dir='ltr' id='par_1_3' title="bbox 0 0 1228 3944">
     <span class='ocr_line' id='line_1_39' title="bbox 0 0 1228 3944; baseline 0 0"><span class='ocrx_word' id='word_1_282' title='bbox 0 0 1228 3944; x_wconf 95' lang='lat' dir='ltr'> </span> 
     </span>
    </p>
   </div>
  </div>
 </body>
</html>
