2446 3944
542 198 782 262 -244..

99 331 141 394 ¹4
217 357 339 434 Quodsi
365 356 583 442 vituperandi,
616 355 672 440 qui
702 357 915 441 reticuerunt,
947 358 1024 442 quid
1051 359 1090 424 de
1118 359 1162 426 iis

98 409 132 458 ⁵⁸
150 446 400 512 existimandum
432 448 494 529 est,
527 444 582 529 qui
615 444 771 510 orationis
799 446 980 511 vanitatem
1007 446 1162 514 adhibue

149 535 248 600 runt?
293 532 327 598 C.
354 531 489 617 Canius,
520 553 617 616 eques
646 531 824 616 RomanuS,
851 554 911 598 nec
937 533 1098 599 infacetus
1122 541 1162 602 et

151 623 231 687 satis
263 622 442 705 litteratus,
473 642 546 685 cum
577 641 611 685 se
644 618 819 704 Syracusas
849 621 987 705 otiandi,
1020 627 1057 687 ut
1089 623 1161 708 ipse

151 711 254 776 dicere
278 710 413 793 solebat,
435 730 502 773 non
522 707 712 794 negotiandi
730 730 827 774 causa
843 710 1047 794 contulisset,
1070 711 1162 777 dicti·

150 799 244 864 tabat
271 819 306 862 se
333 797 482 862 hortulos
511 797 636 880 aliquos
664 818 769 861 emere
796 797 895 880 velle,
928 820 991 882 quo
1020 799 1162 866 invitare

152 887 272 952 amicos
291 889 324 950 et
343 886 399 949 ubi
416 907 450 949 se
465 885 627 950 oblectare
642 883 711 949 sine
725 885 1025 969 interpellatoribus
1039 892 1162 971 posset.

151 974 244 1050 Quod
257 996 330 1038 cum
344 973 606 1057 percrebruisset,
622 971 759 1056 Pythius
774 973 804 1037 ei
818 972 958 1057 quidam,
978 975 1033 1058 qui
1047 996 1161 1060 argen-

12 1087 26 1097 ,.
150 1063 269 1127 tariam
288 1061 409 1126 faceret
423 1058 600 1145 Syracusis,
618 1061 748 1125 venales
769 1061 896 1144 quidem
915 1083 950 1126 se
965 1061 1079 1127 hortos
1093 1085 1162 1128 non

152 1151 280 1234 habere,
300 1150 355 1214 sad
373 1149 469 1213 licere
487 1149 537 1212 uti
554 1147 665 1231 Canio,
684 1149 713 1212 si
730 1149 838 1232 vellet,
857 1153 895 1213 ut
913 1150 990 1233 suis,
1009 1155 1042 1214 et
1061 1151 1160 1216 simul

152 1239 194 1304 ad
220 1259 332 1302 cenam
359 1236 523 1300 hominem
549 1236 585 1300 in
611 1235 725 1301 hortos
751 1236 904 1301 invitavit
930 1238 965 1301 in
991 1243 1161 1323 posterum

82 1372 83 1375 κ
153 1326 247 1390 diem.
292 1323 373 1391 Oum
395 1325 452 1388 illc
474 1323 691 1408 promisisset,
718 1327 790 1388 tum
812 1324 963 1410 Pythius,
991 1327 1046 1410 qui
1074 1332 1162 1392 esset

151 1419 189 1479 ut
217 1413 421 1500 argentarius
449 1412 534 1496 apud
560 1433 671 1476 omnes
700 1413 828 1477 ordines
852 1414 1028 1499 gratiosus,
1057 1415 1161 1500 pisca-

151 1506 240 1567 tores
264 1501 305 1566 ad
327 1522 361 1565 se
384 1499 573 1564 convocavit
596 1504 629 1564 et
653 1501 693 1565 ab
717 1501 757 1564 iis
780 1501 906 1585 petivit,
928 1506 965 1565 ut
989 1506 1063 1567 ante
1083 1525 1159 1568 suos

151 1590 301 1654 hortulos
324 1587 480 1673 postridie
502 1587 718 1672 piscarentur,
746 1589 902 1673 dixitque,
931 1591 1008 1673 quid
1035 1613 1090 1656 eos
1113 1592 1160 1656 fa-

153 1700 223 1744 cere
246 1677 353 1740 vellet.
389 1675 442 1739 Ad
465 1697 576 1740 cenam
599 1677 740 1761 tempori
762 1677 852 1742 veuit
869 1677 1003 1762 Canius,
1026 1679 1160 1764 opipare
1201 1731 1204 1737 .

153 1764 305 1847 aPythio
325 1763 517 1848 adparatum
536 1765 728 1850 convivium,
747 1767 935 1831 cumbarum
954 1771 1029 1831 ante
1049 1769 1159 1832 oculos

152 1851 340 1934 multitudo,
371 1873 431 1936 pro
460 1873 494 1916 se
522 1853 671 1936 quisque,
699 1852 784 1938 quod
812 1859 954 1939 ceperat,
983 1855 1160 1940 adferebat,

100 1957 133 2006 59
151 1943 226 2006 ante
253 1940 350 2024 pedes
378 1938 476 2022 Pythi
502 1940 608 2025 pisces
638 1941 869 2005 abiciebantur.
912 1942 996 2006 Tum
1023 1942 1158 2008 Canius:

153 2026 343 2110 ‘Quaeso',
360 2026 475 2110 inquit,
494 2026 600 2112 ‘quid
619 2032 678 2093 est
696 2028 778 2110 hoe,
797 2027 934 2111 Pythi?
957 2033 1160 2096 tantumne

151 2115 336 2201 piscium?
359 2118 558 2180 tantumne
582 2114 838 2181 cumbarum'?'
883 2114 927 2178 Et
949 2115 1020 2178 ille:
1044 2115 1160 2189 ‘Quid

151 2200 334 2285 mirum‘l',
363 2202 483 2286 inquit,
511 2202 703 2269 ‘hocloco
727 2206 799 2284 eat,
826 2199 1028 2284 Syracusis
1053 2204 1159 2286 quic-

152 2291 242 2374 quid
269 2294 328 2354 est
355 2291 532 2374 piscium,
564 2291 626 2356 hie
653 2289 824 2374 aquatio,
855 2290 925 2354 hac
956 2291 1056 2355 villa
1086 2292 1159 2359 isti

151 2400 282 2444 carere
312 2400 388 2443 non
420 2376 602 2463 possunt?
646 2375 799 2442 Incensus
827 2374 946 2442 Oenius
979 2380 1158 2464 eupiditate

151 2466 316 2532 contendit
339 2489 359 2531 a
380 2465 513 2550 Pythio,
539 2468 577 2529 ut
602 2462 768 2548 venderet,
796 2470 931 2551 gravate
957 2467 1015 2532 ille
1037 2469 1158 2553 prim03

150 2555 228 2639 quid
255 2555 380 2620 multa?
407 2555 570 2637 impetrat.
615 2551 706 2617 Emit
731 2553 829 2619 homo
859 2555 993 2638 cupidus
1017 2560 1049 2620 et
1072 2558 1158 2623 locu-

150 2644 221 2728 ples
244 2643 341 2726 tanti,
369 2640 483 2724 quanti
503 2638 641 2724 Pythius
664 2641 782 2726 voluit,
810 2646 843 2707 et
866 2644 945 2706 emit
967 2644 1158 2729 instructos;

149 2731 282 2796 nomina
308 2729 401 2809 facit,
430 2728 598 2814 negotium
627 2729 764 2795 conficit.
809 2729 933 2796 Invitat
955 2730 1073 2796 Canius
1102 2755 1158 2817 po·

150 2819 262 2883 stridie
288 2816 467 2881 familiares
495 2837 585 2901 suos,
611 2818 701 2882 venit
727 2819 796 2903 ipse
828 2823 967 2903 mature3
1000 2821 1157 2885 scalmum

148 2908 276 2971 nullum
298 2902 398 2988 videt,
425 2905 553 2988 quaerit
577 2927 615 2970 ex
637 2907 784 2990 proximo
807 2907 926 2991 vicino,
955 2930 1034 2972 num
1055 2908 1157 2973 feriae

149 2993 307 3079 quaedam
329 2992 529 3078 piscatorum
553 2998 674 3078 essent,
704 2995 790 3078 quod
813 3017 868 3060 eos
890 2996 999 3059 nullos
1022 2997 1156 3062 videret.

149 3081 320 3165 ‘Nullae,
353 3083 452 3166 quod
479 3082 622 3166 sciam',
653 3082 772 3166 inquit,
805 3081 886 3146 ‘sed
917 3084 978 3148 hic
1010 3084 1157 3168 piscari

147 3171 249 3235 nulli
282 3170 424 3254 solent3
454 3170 581 3255 itaque
612 3170 696 3234 heri
728 3171 910 3254 mirabar,
942 3170 1032 3255 quid
1060 3173 1157 3237 acci-

91 3263 128 3314 60
148 3256 292 3322 disset?
338 3255 542 3323 Stomachari
563 3256 697 3342 (lanius,
725 3259 781 3322 sed
804 3259 881 3342 quid
908 3259 1051 3324 faceret?
1078 3281 1157 3325 non-

148 3344 225 3408 dum
257 3343 343 3408 enim
371 3343 406 3410 Ο.
433 3345 598 3430 Aquilius,
629 3346 757 3432 collega
788 3350 821 3411 et
852 3346 1023 3411 familiaris
1056 3370 1156 3433 meus,

144 3432 330 3516 protulerat
349 3433 387 3497 de
406 3433 481 3499 dolo
498 3434 584 3498 malo
602 3432 775 3518 formulas3
793 3435 828 3498 in
841 3435 958 3518 quibus
971 3435 1061 3520 ipsis,
1083 3459 1157 3502 cum

61 3452 188 3719 'ex
201 3543 239 3587 eo
254 3525 470 3606 quaereretur,
489 3521 565 3605 quid
579 3524 665 3586 esset
684 3522 777 3587 dolus
791 3523 906 3608 malus,
923 3524 1155 3608 respondebat:
