2446 3944
514 187 755 252 —174-

131 351 183 417 uti
203 352 318 438 lingua
338 351 457 418 Latina
478 352 691 437 putabantur3
718 373 816 417 sonus
844 355 914 417 erat
941 351 1058 435 dulcis,
1087 353 1141 418 lit

131 443 221 504 teras
242 461 346 524 neque
369 461 539 525 expressae
556 461 659 524 neque
678 461 861 525 oppressae,
883 461 924 504 ne
947 443 1004 505 aut
1028 440 1140 505 obscu-

132 548 204 592 rum
237 531 322 593 esset
354 531 411 592 aut
446 527 608 613 putidum,
644 527 712 592 sine
749 527 954 592 contentione
985 548 1049 592 uox
1080 550 1140 594 nec
1185 587 1187 591 .

132 614 290 714 languens
318 634 377 680 nec
404 636 531 681 canora
575 614 716 680 Uberior
742 614 848 679 oratio
875 613 911 679 L
939 613 1050 679 Crassi
1080 637 1140 682 nec

132 700 239 766 minus
257 702 342 768 facet
328 707 372 786 ta,
395 702 451 768 sed
468 703 550 768 bene
568 701 722 786 loquendi
740 701 779 766 de
797 700 922 767 Catulis
942 703 1051 787 opinio
1074 725 1141 768 non

131 790 247 856 minor.
296 788 370 855 Sale
401 812 527 856 veros
510 789 700 855 etfacetiis
729 786 956 874 ansar,t
894 788 956 854 Cat
957 790 1004 854 uli
1035 795 1093 874 pat
1094 792 1139 854 ris

130 877 246 961 frater,
277 878 355 944 vicit
387 899 513 963 omnes,
528 793 621 943 ¹³'ut
611 899 647 942 m
677 877 778 942 illo
768 898 840 962 rpso
872 877 994 942 forensi
1023 899 1139 963 genere

132 965 257 1030 dicendi
288 967 510 1031 contentiones
543 966 681 1030 aliorum
713 985 861 1029 sermone
893 965 1045 1030 uinceret.
1023 965 1141 1030 tIn

132 1053 318 1118 omnibus
309 1054 411 1139 igitur
437 1053 489 1118 his
516 1052 748 1118 elaborandum
776 1055 838 1136 est,
870 1052 899 1117 si
924 1053 959 1117 in
987 1054 1077 1118 omni
1103 1075 1138 1118 re

81 1155 131 1205 134
146 1140 223 1223 quid
245 1141 357 1207 deceat
380 1141 584 1226 exquirimus.
626 1138 677 1205 Sit
699 1160 777 1225 ergo
801 1102 854 1204 hic
877 1161 993 1225 sermo,
1015 1142 1050 1205 in
1073 1163 1137 1225 quo

133 1224 256 1293 Socrat
232 1229 289 1294 trci
311 1229 450 1294 maxime
474 1228 643 1312 excellunt,
665 1227 749 1292 lenis
767 1228 962 1328 minimeque
980 1229 1139 1313 pertinax,

131 1315 238 1380 insit
228 1338 263 1381 1n
282 1338 319 1381 eo
338 1317 443 1402 lepos3
465 1337 524 1380 nec
546 1337 633 1400 vero,
654 1315 855 1399 tamquam
845 1338 880 1381 m
900 1317 1138 1401 possessionem

132 1424 225 1469 suam
242 1405 377 1488 venerit,
395 1404 544 1470 excludat
562 1404 654 1488 alios,
672 1403 729 1468 sed
747 1425 820 1468 cum
837 1403 994 1487 reliquis
985 1426 1019 1467 m
1033 1404 1139 1486 rebus,

131 1491 234 1556 tum
225 1514 260 1556 ιιι
282 1513 429 1558 sermone
452 1492 614 1558 communi
636 1491 760 1556 vicissrt
736 1491 891 1556 tudinem
909 1511 975 1555 non
993 1491 1138 1574 iniquam

131 1582 239 1664 putet3
262 1601 299 1645 ac
316 1580 455 1645 videat
445 1603 480 1645 ιιι
501 1580 626 1665 primis,
649 1578 766 1663 quibus
790 1578 828 1643 de
852 1578 948 1643 rebus
971 1579 1084 1662 loquat
1086 1600 1138 1662 ur3

132 1667 160 1731 si
183 1667 284 1751 seriis,
307 1668 446 1732 severita
427 1671 514 1732 atem
538 1667 700 1750 adhibeat,
723 1667 751 1730 si
773 1666 900 1749 iocosis,
922 1666 1139 1751 leporem3in

131 1754 307 1854 primisque
329 1754 512 1840 provideat,
532 1776 574 1819 ne
597 1775 703 1819 sermo
727 1753 843 1819 vitium
866 1717 999 1838 aliquod
1021 1754 1140 1819 indicet

130 1842 235 1905 inesse
262 1841 298 1905 in
324 1842 482 1924 moribus3
513 1840 599 1925 quod
625 1862 775 1906 maxume
801 1845 872 1905 tum
896 1842 980 1906 solet
1003 1842 1139 1925 evenire,

131 1931 259 1994 cumst
228 1927 371 1993 studiose
394 1928 433 1992 de
456 1929 644 1993 absentibus
668 1926 858 1994 detrahendi
880 1950 978 1993 causa
1001 1933 1058 1994 ant
1080 1951 1139 2013 per

131 2015 302 2080 ridiculum
320 2019 377 2080 aut
396 2036 505 2080 severe
523 2015 678 2080 maledice
697 2015 992 2098 contumelioseque
1011 2016 1089 2080 dicit
1075 2019 1137 2080 tur.

80 2115 130 2166 135
144 2102 317 2166 Habentur
343 2106 452 2167 autem
478 2103 669 2187 plerumque
697 2122 860 2166 sermones
888 2105 945 2166 aut
970 2101 1008 2167 de
1031 2102 1138 2166 dome-

78 2859 121 2926 38

132 2189 222 2255 sticis
245 2190 385 2274 negotiis
409 2193 466 2255 aut
488 2189 527 2255 ds
545 2211 580 2254 re
598 2188 730 2275 publica
748 2192 806 2253 aut
824 2188 862 2252 de
882 2189 1002 2253 artium
1021 2189 1137 2255 studiis

132 2281 229 2361 atque
252 2277 406 2342 doctrina.
451 2276 567 2343 Danda
589 2277 691 2362 igitur
713 2297 812 2359 opera
839 2278 903 2359 est,
930 2277 979 2360 ut,
1009 2277 1138 2341 etiamsi

132 2366 282 2431 aberrare
309 2365 351 2430 ad
378 2365 444 2430 alia
470 2365 624 2450 coeperit,
652 2362 693 2428 ad
720 2362 800 2429 haec
827 2367 996 2429 revocetur
1024 2365 1138 2449 orati0,

131 2453 187 2519 sed
214 2456 388 2537 utcumque
415 2453 564 2537 aderunt3
594 2473 698 2536 neque
730 2451 817 2517 enim
844 2451 947 2517 isdem
975 2452 1014 2517 de
1040 2453 1137 2517 rebus

130 2562 189 2607 nec
212 2541 300 2607 omni
322 2544 469 2626 tempore
491 2561 550 2605 nec
573 2539 724 2605 similiter
743 2539 948 2605 delectamur.
985 2539 1138 2605 Animad-

130 2628 320 2694 vertendum
347 2632 398 2693 est
425 2628 536 2711 etiam,
569 2630 727 2711 quatenus
755 2649 861 2693 sermo
890 2626 1138 2693 delectationem

130 2715 260 2867 habpat,
283 2719 325 2800 et,
347 2719 384 2781 ut
406 2715 581 2801 incipiendi
602 2714 687 2780 ratio
708 2713 817 2800 fuerit,
839 2715 887 2781 ita
910 2716 954 2781 sit
972 2716 1138 2781 desinendi

132 2825 185 2868 mo
208 2824 255 2868 us.

79 2938 130 2989 136
198 2887 261 2956 Sed
284 2912 347 2975 qno
371 2892 466 2957 modo
484 2892 519 2957 in
538 2890 627 2956 omni
645 2891 715 2957 vita
732 2891 911 2957 rectissime
931 2891 1137 2977 praecipitur,

131 2982 169 3045 ut
182 2978 444 3063 perturbationes
461 2979 637 3064 fugiamus,
653 2979 688 3043 id
706 2982 756 3043 est
774 2981 881 3042 motus
901 2979 1001 3042 animi
1018 2978 1136 3042 nimios

130 3066 252 3132 rationi
282 3087 349 3131 non
380 3069 658 3151 optemperantes,
696 3065 742 3130 sic
774 3065 842 3128 eius
874 3065 962 3129 modi
993 3065 1137 3130 motibus

131 3175 237 3219 sermo
262 3153 356 3218 debet
378 3174 506 3238 vacare,
531 3175 573 3219 ne
600 3153 693 3218 aut
683 3175 733 3217 rra
755 3152 873 3216 existat
897 3156 954 3216 aut
976 3153 1136 3236 cupiditas

131 3241 242 3324 aliqua
264 3245 322 3306 aut
342 3241 445 3327 pigrit
446 3241 479 3305 ia
431 3241 590 3307 taut
580 3241 712 3327 rgnavia
735 3243 791 3304 aut
777 3239 881 3304 ttale
899 3240 1022 3324 aliquid
1040 3262 1137 3325 appa·

130 3331 211 3411 reat,
234 3328 435 3412 maximeque
454 3328 630 3394 curandum
649 3331 705 3403 est,
725 3337 763 3396 ut
780 3348 844 3411 eos,
865 3328 1054 3412 quibuscum
1074 3349 1137 3392 ser·

131 3436 259 3479 monem
287 3414 499 3500 conferemus,
535 3420 568 3480 et
596 3414 700 3480 vereri
730 3418 764 3479 et
795 3415 930 3502 diligere
961 3415 1137 3480 videamur

131 3502 383 3586 Obiurgationes
410 3503 505 3569 etiam
536 3524 603 3570 non
625 3525 802 3588 numquam
825 3504 971 3569 incidunt
992 3524 1138 3569 necessa-
