2446 3944
526 177 767 242 ..200-

95 351 131 400 34
149 333 355 399 arbitramur.
399 330 525 397 Harum
552 330 654 416 igitur
681 331 818 396 duarum
846 331 886 397 ad
913 331 1009 395 fidem
1037 331 1157 397 facien·

150 422 224 485 dam
241 419 368 485 iustitia
386 419 460 504 plus
479 419 590 504 pollet,
608 418 727 503 quippe
746 440 820 483 cum
837 441 876 484 ee
894 419 963 483 sine
982 419 1157 503 prudentia

149 509 230 573 satis
252 509 373 573 babeat
396 507 615 591 auctoritatis,
637 507 810 591 prudentia
832 507 900 571 sine
922 507 1050 572 iustitie
1071 508 1156 572 nihil

148 597 237 661 valet
264 595 304 660 ad
330 595 511 660 faciendum
536 596 642 661 fidem.
687 593 757 670 Quo
785 595 870 660 enim
898 595 970 679 quis
993 596 1157 661 versutior

149 688 182 748 et
214 683 374 766 callidior,
405 683 469 749 hoe
499 683 634 748 invisior
663 686 697 747 et
724 683 903 768 suspectior
931 686 981 747 est
1008 683 1156 749 detracta

149 772 299 856 opinione
312 771 496 856 probitatis.
519 770 622 847 Quam
637 771 678 835 ob
692 793 762 835 rem
774 771 1018 856 intellegentiae
1027 772 1157 838 iustitia

148 860 327 944 coniuncta,
350 864 508 944 quantum
529 860 628 941 volet,
650 859 784 923 hebebit
801 860 842 923 sd
858 859 1040 924 faciendam
1058 859 1155 925 fidem

148 948 280 1032 virium3
306 948 433 1013 iustitis
459 948 530 1011 sine
557 945 729 1031 prudentia
755 947 895 1012 multum
922 948 1057 1032 poterit,
1085 949 1154 1013 sine

97 1035 277 1158 10iustitia
298 1035 380 1100 nihil
403 1035 527 1136 palebit
551 1033 730 1135 prudentia.
937 1123 943 1136 ·

96 1170 130 1220 ³⁵
147 1122 811 1296 ,atitplttitttmtdtssst’
829 1126 1155 1294 diffindit

149 1298 206 1383 sit,
234 1299 290 1383 qui
312 1320 409 1363 unam
432 1298 580 1381 haberet,
608 1319 719 1362 omnes
742 1297 862 1362 habere
890 1297 1042 1381 virtutes,
1069 1319 1155 1364 nunc

147 1386 197 1452 ite
219 1386 401 1471 seiungam,
428 1386 522 1470 quasi
548 1386 654 1470 possit
681 1386 865 1470 quisquam,
894 1385 949 1470 qui
976 1406 1042 1450 non
1068 1385 1155 1451 idem

147 1473 289 1558 prudens
309 1474 361 1557 sit,
382 1474 488 1539 iustus
506 1495 585 1557 esse,
608 1473 674 1538 alia
693 1477 743 1538 est
760 1475 828 1559 illa,
851 1494 923 1538 eum
941 1474 1062 1539 veritas
1081 1474 1155 1558 ipsa

148 1562 282 1627 limatur
304 1560 340 1625 in
361 1561 592 1646 disputatione,
616 1561 797 1646 subtilitas,
821 1562 899 1645 alia,
927 1583 1000 1626 cum
1023 1561 1064 1626 ad
1087 1563 1155 1646 opi-

147 1649 279 1714 nionem
297 1669 499 1714 communem
513 1649 618 1714 omnis
632 1649 893 1714 accommodatur
907 1649 1021 1713 oratio.
1050 1648 1155 1725 Quam

148 1737 190 1800 ob
209 1759 287 1820 rem,
309 1740 347 1801 ut
364 1737 491 1822 volgus,
508 1738 556 1801 ita
572 1757 632 1801 nos
650 1736 802 1802 hocloco
820 1737 993 1820 loquimur,
1015 1740 1052 1801 ut
1071 1737 1155 1802 alios

146 1824 259 1907 fortes,
278 1824 361 1889 alios
376 1825 465 1889 viros
482 1824 595 1902 bonos,
614 1824 697 1890 alios
715 1824 889 1908 prudentes
907 1845 978 1889 esse
996 1825 1156 1909 dieamus3

147 1911 358 1996 popularibus
381 1912 467 1976 enim
488 1911 595 1976 verbis
620 1916 670 1976 est
688 1912 847 1996 agendum
866 1916 899 1976 et
916 1913 1057 1997 usitatis,
1080 1935 1155 1978 oum

147 1998 310 2083 loquimur
342 1998 381 2063 de
409 1999 559 2083 opinione
590 1999 754 2084 populari,
785 1999 880 2084 idque
912 1999 1024 2065 eodem
1056 2001 1154 2066 modo

95 2103 129 2154 36
147 2085 226 2151 fecit
243 2084 427 2151 Panaetius.
464 2084 526 2150 Sed
549 2086 590 2150 ad
607 2086 812 2170 propositum
829 2090 1039 2152 revertamur.
1071 2089 1156 2153 Erat

147 2173 689 2326 telmessenses
701 2175 1155 2329 lllffilttttttht

148 2348 239 2434 digni
260 2311 483 2413 iddiceremur.
519 2348 731 2414 Admirantur
748 2350 851 2435 igitur
871 2351 1083 2415 communiter
1101 2351 1154 2415 illi

149 2435 278 2519 quidem
297 2437 414 2521 omnia,
433 2458 515 2520 quae
533 2457 652 2522 magna
670 2441 704 2501 et
718 2441 848 2522 praeter
862 2439 1043 2522 opinionem
1059 2459 1152 2502 suam

149 2524 454 2608 animaduerterunt,
477 2525 653 2609 separatim
676 2529 793 2610 autem,
815 2526 851 2590 in
873 2526 1009 2612 singulis
1033 2525 1061 2589 si
1081 2547 1153 2610 per·

148 2611 289 2696 spiciunt
310 2612 503 2696 necopinata
525 2613 683 2696 quaedam
706 2614 800 2678 bone.
840 2613 954 2696 Itaque
982 2634 1037 2679 eos
1063 2613 1153 2678 viros

67 2757 71 2765 .
148 2699 329 2783 suspiciunt
355 2700 577 2782 maxumisque
605 2700 749 2765 ecferunt
776 2701 939 2784 laudibus,
970 2701 1005 2764 in
1035 2702 1153 2785 quibus

148 2788 346 2853 existumant
370 2808 404 2851 se
428 2788 620 2853 excellentes
644 2788 800 2872 quasdam
823 2793 856 2852 et
879 2789 1059 2874 singulares
1082 2811 1153 2874 per-

148 2876 271 2960 spicere
293 2875 441 2959 virtutes,
465 2874 644 2959 despiciunt
666 2879 775 2941 autern
798 2897 852 2940 eos
876 2880 909 2940 et
932 2879 1152 2960 contemnunt,

147 2964 183 3026 in
205 2965 322 3048 quibus
344 2962 428 3027 nihil
449 2963 595 3047 virtutis,
622 2963 705 3028 nihil
734 2964 846 3047 animi,
873 2963 957 3028 nihil
979 2984 1153 3029 nervorum

147 3054 274 3135 putant.
313 3049 389 3116 Non
412 3050 497 3115 enim
520 3071 630 3115 omnes
654 3074 709 3118 eos
732 3055 951 3136 contemnunt,
974 3051 1013 3117 de
1036 3052 1153 3136 quibus

147 3139 233 3203 male
265 3139 471 3204 existumant.
524 3137 611 3203 Nam
643 3160 723 3222 quos
755 3140 936 3224 improbos,
968 3139 1154 3219 maledicos

146 3225 371 3290 fraudulentos
394 3229 512 3310 putant
530 3229 564 3290 et
586 3227 627 3291 sd
641 3226 822 3293 faciendam
840 3228 993 3292 iniuriam
1015 3228 1154 3293 instruc-

146 3315 213 3396 tos,
241 3333 295 3376 cos
322 3313 410 3378 haud
432 3317 647 3379 contemnunt
674 3316 815 3399 quidem,
850 3316 906 3381 scd
933 3316 972 3380 de
998 3316 1039 3380 iis
1067 3316 1154 3381 male

147 3400 353 3465 existumant.
398 3400 503 3477 Quam
525 3401 568 3467 ob
590 3425 668 3482 rem,
690 3406 727 3467 ut
750 3407 825 3468 ente
849 3403 923 3487 dixi,
946 3407 1155 3469 contemnun-

146 3489 202 3552 tur
223 3487 257 3573 ii,
280 3487 336 3571 qui
359 3486 441 3554 ‘nec
464 3489 542 3554 sibi
564 3511 632 3555 nec
655 3490 797 3577 alteri',
819 3495 857 3555 ut
879 3491 1006 3577 dicitur,
1028 3491 1063 3555 in
1085 3491 1155 3574 qui-
