2446 3944
434 186 676 250 -331-

62 351 168 416 iustae
187 351 363 416 amicorum
380 352 566 416 voluntates
585 351 784 416 adiuvandae
803 351 878 435 sint,
895 351 930 417 in
949 352 1066 436 quibus

64 461 174 504 eorum
193 442 250 503 aut
267 443 364 524 caput
382 443 500 526 agatur
519 442 576 504 aut
592 438 690 522 fama,
712 439 937 504 declinandum
956 441 995 504 de
1013 441 1067 505 via

64 526 121 610 sit,
152 527 247 591 modo
278 549 319 590 ne
346 550 472 592 summa
499 527 667 611 turpitudo
695 531 863 611 sequatur;
895 532 945 592 est
972 528 1066 611 enim,

64 617 221 697 quatenus
245 615 403 681 amicitiae
426 616 497 680 dari
514 615 609 680 venia
626 615 740 699 possit.
776 614 845 680 Nec
862 637 939 681 vero
957 617 1066 701 negle-

65 701 170 786 genda
192 706 242 766 est
261 702 358 786 fama,
379 724 439 768 nea
461 703 621 768 mediocre
643 704 745 768 telum
768 704 884 768 adres
909 704 1066 788 gerendas

65 789 248 855 existimare
270 795 400 874 oportet
422 791 675 856 benivolentiam
698 791 830 874 civium3
853 813 951 874 quam
973 792 1067 856 blan-

64 876 152 941 ditiis
175 881 208 941 et
230 878 426 944 adsentando
449 879 604 965 colligere
626 882 721 962 turpe
744 882 809 962 est;
832 879 945 962 virtuS,
969 901 1066 963 quam

63 965 209 1047 sequitur
234 966 364 1049 caritas,
391 967 523 1031 minime
545 966 744 1050 repudianda
766 970 825 1031 est.
870 964 933 1030 Sed
955 963 1066 1051 (saepe
1085 984 1118 1034 62

64 1053 149 1116 enim
171 1052 265 1118 redeo
289 1055 329 1118 ad
349 1052 541 1139 Scipionem,
564 1055 653 1119 euius
677 1054 782 1118 omnis
805 1075 910 1118 sermo
934 1059 1004 1119 erat
1028 1056 1066 1119 de

64 1138 221 1226 amicitia)
244 1143 447 1226 querebatur,
471 1142 556 1226 quod
578 1142 728 1206 omnibus
750 1142 785 1206 in
804 1142 901 1206 rebus
918 1142 1065 1206 homines

64 1228 284 1313 diligentiores
307 1235 429 1314 essent,
458 1252 572 1314 capras
596 1234 629 1294 et
652 1252 727 1294 oves
751 1234 831 1312 quot
854 1229 989 1315 quisque
1011 1231 1066 1295 ha·

63 1315 167 1399 beret,
194 1317 297 1382 dieera
320 1339 428 1402 posse,
456 1318 577 1382 amicos
601 1321 681 1402 quot
702 1318 854 1400 haberet,
881 1339 947 1382 non
969 1340 1065 1402 posse

63 1403 175 1488 dicere,
199 1408 232 1469 et
253 1405 288 1469 in
309 1405 375 1470 illis
399 1405 528 1489 quidem
545 1405 698 1489 parandis
720 1405 872 1470 adhibere
890 1428 1010 1489 curam,
1032 1407 1067 1469 in

62 1491 174 1556 amicis
206 1492 362 1577 eligendis
393 1493 597 1578 neglegentis
629 1514 700 1557 esse
730 1515 790 1558 nec
820 1493 940 1557 habere
974 1494 1067 1576 quasi

63 1579 158 1664 signa
181 1580 338 1662 quaedam
361 1584 394 1644 et
415 1584 520 1662 notas,
543 1581 660 1663 quibus
683 1602 747 1659 eos,
771 1581 827 1664 qui
847 1581 888 1645 ad
906 1581 1066 1645 amicitias

63 1670 170 1731 essent
192 1667 308 1752 idonei,
331 1668 518 1733 iudicarent.
555 1665 637 1733 Sunt
655 1668 756 1754 igitur
774 1668 859 1732 firmi
880 1672 912 1733 et
931 1668 1066 1732 stabiles

62 1758 96 1819 et
123 1759 308 1820 constantes
337 1756 490 1841 eligendi3
519 1757 609 1820 cuius
637 1756 763 1840 generis
792 1760 841 1820 est
868 1777 988 1841 magna
1013 1776 1067 1840 pe·

61 1842 164 1907 nuria.
208 1842 253 1907 Et
279 1843 419 1909 iudicare
447 1844 578 1908 difficile
606 1847 655 1908 est
687 1864 763 1908 sane
790 1843 855 1907 nisi
886 1847 1067 1927 expertum3

62 1930 290 2014 experiendum
322 1935 430 1996 autem
462 1935 511 1996 est
538 1931 573 1995 in
598 1931 671 2014 ipsa
699 1931 850 1996 amicitia.
894 1931 947 1995 Ita
974 1953 1067 2015 prae-

63 2018 164 2082 currit
191 2019 335 2083 amicitia
361 2019 515 2084 iudicium
538 2019 692 2103 tollitque
720 2018 903 2103 experiendi
924 2022 1066 2104 potesta·

61 2109 137 2169 tem.
181 2105 243 2170 Est
269 2107 371 2192 igitur
398 2107 564 2191 prudentis
593 2107 751 2171 sustinere
777 2110 815 2171 ut
845 2128 987 2190 cursum,
1020 2106 1066 2171 sie
1085 2123 1118 2173 63

60 2194 218 2277 impetum
249 2194 502 2278 benivolentiae,
538 2194 562 2277 †
593 2216 657 2278 quo
689 2198 819 2259 utamur
851 2195 944 2277 quasi
976 2195 1066 2277 equis

61 2282 248 2365 temptatis,
285 2282 330 2347 sic
363 2283 506 2348 amicitia
538 2304 576 2346 ex
608 2283 718 2366 aliqua
749 2285 842 2366 parte
873 2282 1067 2365 periclitatis

62 2370 206 2434 moribus
235 2370 419 2435 amicorum.
465 2369 602 2445 Quidam
630 2391 725 2454 saepe
747 2370 782 2433 in
808 2391 910 2453 parva
932 2369 1068 2453 pecunia

61 2457 300 2541 perspiciuntur
327 2479 425 2540 quam
452 2457 519 2520 sint
545 2458 632 2522 leves
639 2507 648 2539 ,
675 2457 806 2539 quidam
834 2460 958 2539 autem,
986 2478 1066 2540 quos

61 2566 164 2628 parva
181 2567 309 2609 movere
327 2567 394 2609 non
411 2544 527 2628 potuit,
546 2547 783 2627 cognoscuntur
801 2544 836 2607 in
854 2565 981 2628 magna.
1010 2541 1067 2607 Sin

62 2635 157 2696 erunt
181 2633 281 2716 aliqui
303 2633 433 2716 reperti,
455 2631 511 2715 qui
533 2631 702 2714 pecuniam
724 2630 887 2715 praeferre
906 2631 1067 2694 amicitiae

61 2719 226 2783 sordidum
249 2720 443 2802 existiment,
466 2718 523 2783 ubi
542 2740 596 2782 eos
614 2718 823 2800 inveniemus,
846 2717 901 2800 qui
919 2717 1067 2797 honores,

61 2808 288 2892 magistratus,
315 2807 464 2891 imperia,
491 2809 683 2890 potestates,
712 2826 789 2889 opes
818 2803 979 2869 amicitiae
1001 2824 1067 2867 non

62 2898 275 2979 anteponant,
303 2898 354 2978 ut,
383 2917 456 2959 cum
484 2916 523 2958 ex
550 2894 654 2958 altera
679 2896 773 2977 parte
796 2891 966 2976 proposita
988 2891 1068 2955 haee

60 2982 140 3067 sint,
169 3005 207 3046 ex
230 2984 334 3047 altera
355 2983 406 3046 ius
430 2981 603 3063 amicitiae,
629 3002 697 3045 non
719 2980 823 3044 multo
846 2980 906 3043 illa
928 2978 1066 3046 malint?

59 3069 218 3134 Inbecilla
250 3071 335 3134 enim
367 3073 417 3134 est
448 3074 566 3134 natura
596 3069 636 3133 ad
663 3067 928 3133 contemnendam
956 3069 1067 3149 poten·

60 3157 155 3241 tiam3
183 3179 280 3240 quam
308 3157 437 3222 etiamsi
463 3157 613 3242 neglecta
640 3156 784 3220 amicitia
806 3153 970 3219 consecuti
992 3153 1067 3236 sint,

59 3245 270 3309 obscuratum
287 3245 329 3308 iri
348 3245 558 3328 arbitrantur,
577 3244 653 3327 quia
670 3265 737 3308 non
756 3242 824 3307 sine
838 3263 958 3326 magna
972 3263 1068 3306 causa

60 3331 105 3396 sit
127 3334 278 3418 neglecta
301 3331 452 3396 amicitia.
496 3332 611 3414 Itaque
633 3352 729 3395 verae
757 3329 918 3395 amicitiae
943 3329 1067 3394 difficil-

59 3419 137 3484 lime
156 3419 361 3504 reperiuntur
379 3419 414 3482 in
431 3418 480 3502 iis,
499 3419 555 3501 qui
572 3419 607 3483 in
624 3418 802 3483 honoribus
821 3440 918 3502 reque
936 3344 1160 3704 publica(

58 3511 245 3593 versantur3
281 3506 338 3572 ubi
374 3506 459 3571 enim
491 3506 591 3570 istum
624 3506 783 3591 invenias,
820 3506 876 3590 qui
911 3505 1073 3572 honorem·
