2446 3944
409 184 563 249 -·204
607 219 650 230 ..

29 338 106 422 tati,
120 331 232 403 verum
247 336 346 402 etiam
358 337 494 401 favetur.
521 334 632 400 Prima
649 336 751 422 igitur
769 339 820 400 est
838 333 1036 402 adulescenti

30 425 266 492 commendatio
299 423 340 489 ed
371 424 524 510 gloriam,
555 423 584 487 si
616 446 679 508 qua
712 443 750 488 ex
781 423 907 488 bellicis
937 424 1035 489 rebus

30 513 212 598 comparari
233 514 356 597 potest,
380 512 416 576 in
437 534 502 596 qua
523 512 620 576 multi
639 511 724 595 apud
745 511 885 577 maiores
903 515 1035 577 nostros

31 601 237 684 exstiterunt3
260 622 388 684 semper
410 600 496 664 enim
517 599 585 664 fere
608 600 696 663 bella
719 599 923 683 gerebantur.
964 599 1036 666 Tua

31 691 140 753 autem
168 692 257 752 aetas
284 687 398 752 incidit
424 687 460 751 in
485 687 519 751 id
545 688 681 770 bellum,
709 687 798 751 cuius
827 688 931 752 altera
956 709 1033 772 pars

32 774 161 842 sceleris
183 775 320 841 nimium
343 775 471 854 habuit,
495 775 599 840 altera
620 774 789 840 felicitatis
807 798 931 860 parum.
963 774 1034 851 Quo

29 869 140 929 tamen
161 864 197 928 in
222 864 310 928 bello
337 885 411 928 cum
437 866 471 928 te
493 862 666 948 Pompeius
693 863 765 928 alae
792 863 916 944 [alteri]
944 885 1035 948 prae

29 952 173 1036 fecisset,
192 973 346 1036 magnam
363 951 493 1016 laudem
512 955 545 1015 et
563 973 582 1016 a
601 972 728 1016 summo
746 951 817 1016 viro
836 956 869 1016 et
887 952 929 1016 ab
948 973 1035 1016 exer-

30 1040 97 1105 citu
120 1040 357 1124 consequebare
380 1039 469 1122 equit
470 1038 570 1122 ando,
587 1039 771 1123 iaculando,
790 1039 879 1104 omni
896 1038 983 1103 milit
985 1040 1034 1103 ari

30 1128 142 1205 labore
164 1128 343 1194 tolerando.
388 1126 497 1210 Atque
525 1149 563 1192 ea
585 1127 751 1209 quidemt
752 1149 795 1191 ua
816 1127 888 1191 laus
910 1127 1034 1210 pariter
1103 1209 1106 1214 ,

30 1238 104 1282 cum
138 1237 174 1280 re
209 1206 341 1300 publice
376 1215 498 1280 cecidit.
547 1214 630 1278 Mihi
666 1218 775 1279 autem
811 1214 891 1278 haec
927 1215 1034 1280 oratio

31 1306 160 1388 susccpt
162 1326 182 1368 a
202 1325 269 1368 non
291 1303 330 1368 de
352 1306 386 1367 te
405 1307 468 1387 est,
491 1302 548 1366 sed
566 1303 604 1367 de
628 1323 744 1387 genere
762 1305 847 1385 t0t03
853 1322 968 1453 tquam
991 1304 1033 1368 ob

1 1413 99 1456 rem
121 1413 296 1476 pergamus
320 1389 361 1455 ed
384 1412 436 1474 ea,
460 1412 542 1491 quae
565 1394 700 1454 restant
736 1388 782 1454 Ut
767 1390 867 1474 tigit
868 1412 907 1454 ur
929 1391 965 1454 in
986 1412 1034 1455 re-

30 1479 129 1563 liquis
160 1480 256 1544 rebus
284 1479 389 1544 multo
416 1479 542 1543 maiora
566 1499 672 1579 opere
696 1481 771 1542 sunt
803 1478 904 1542 animi
935 1500 1034 1562 quam

30 1566 188 1667 corporis,
218 1567 265 1631 sic
287 1588 344 1631 eae
366 1587 432 1650 res,
460 1587 540 1650 quas
563 1565 694 1650 ingenio
718 1587 755 1630 ac
776 1566 903 1630 ratione
926 1587 1033 1650 perse

31 1655 167 1738 quimur,
186 1655 345 1739 gratiores
365 1617 441 1719 sunt
454 1675 553 1737 quam
566 1653 643 1719 illae
649 1674 753 1737 ,quas
767 1653 899 1718 viribus.
922 1653 1035 1720 Prima

29 1742 131 1828 igitur
154 1741 388 1806 commendatio
411 1741 626 1825 proficiscitur
650 1764 669 1806 a
692 1740 827 1806 modest
803 1745 850 1806 tra
873 1764 945 1807 cum
968 1742 1034 1826 pic·

30 1829 157 1892 tatem
178 1829 401 1912 parentes,in
420 1850 496 1894 suos
513 1829 742 1894 benivolentia.
778 1829 956 1895 Facillume
979 1852 1034 1895 au-

28 1920 97 1981 tem
120 1919 153 1980 et
170 1916 205 1980 in
224 1916 381 2000 optimam
398 1919 526 2001 partem
545 1920 784 2002 cognoscuntur
801 1917 987 1982 adulescent
973 1921 1033 2002 tes,

30 2004 85 2088 qui
113 2025 147 2068 sc
174 2003 215 2068 ad
237 2004 343 2069 claros
371 2008 404 2068 et
427 2004 589 2088 sapientes
613 2005 700 2070 viros
723 2006 804 2069 benc
827 2006 1032 2071 consulentes

29 2113 76 2155 re1
67 2091 238 2174 publicae
257 2092 475 2175 contulerimt3
499 2092 689 2175 quibuscum
704 2114 732 2156 ιι
723 2093 929 2176 frequentes
948 2097 1033 2179 sunt,

29 2178 213 2263 opinionem
228 2179 376 2244 adferunt
388 2179 511 2264 populo
530 2201 641 2245 eorum
659 2178 729 2245 fore
748 2202 782 2245 se
801 2181 924 2246 similes
924 2203 1031 2266 ,quos

0 2292 4 2306 ’
30 2265 129 2331 sibi
119 2267 184 2350 1psi
212 2267 390 2368 delegerint
417 2266 494 2331 ad
484 2267 686 2333 1m1tandum.
730 2267 766 2332 P.
793 2268 898 2333 Rutili
925 2269 1032 2334 adulc

29 2355 186 2419 scentiam
205 2355 245 2419 ad
263 2354 447 2439 opinionem
466 2358 499 2419 et
516 2356 719 2421 innocentiae
738 2357 793 2421 et'
784 2357 863 2421 ruris
878 2357 1032 2422 scientiae

25 2440 62 2506 P.
85 2441 173 2508 Muci
194 2442 429 2508 commendavit
452 2443 575 2509 domus.
619 2442 705 2508 Nam
727 2442 763 2508 L.
786 2445 913 2528 quidem
936 2442 1030 2508 Gras-

28 2551 97 2614 us,
120 2552 193 2595 cum
211 2534 296 2594 esset
319 2530 491 2595 admodum
511 2532 712 2614 adulescens,
729 2553 796 2597 non
814 2530 941 2596 aliunde
959 2553 1030 2596 mu-

26 2621 139 2682 tuatus
162 2620 219 2696 est,
242 2618 298 2682 sed
321 2618 384 2682 sibi
401 2619 471 2703 ipse
493 2620 620 2704 peperit
638 2642 822 2684 maxumam
840 2619 969 2685 laudem
992 2641 1032 2684 ex

26 2705 87 2771 illa
109 2706 310 2771 accusatione
328 2706 431 2770 nobili
454 2710 487 2771 et
506 2707 665 2792 gloriosa,
688 2710 734 2791 et,
758 2729 821 2791 qua
842 2711 952 2772 aetate
975 2709 1033 2792 qui

27 2796 222 2877 exercentur,
244 2793 339 2858 laude
363 2794 457 2859 adfici
479 2796 598 2878 solent,
621 2798 659 2859 ut
681 2796 720 2860 de
738 2795 958 2860 Demosthene
982 2818 1032 2862 ac·

26 2881 182 2966 cepimus,
205 2903 244 2945 ea
266 2883 374 2946 aetate
395 2881 430 2945 L.
453 2879 590 2947 Crassus
619 2883 762 2947 ostendit
787 2883 822 2948 id
844 2905 878 2948 se
900 2884 935 2948 in
957 2884 1029 2948 foro

27 2972 159 3052 optume
190 2968 256 3033 iam
287 2968 406 3053 facere,
438 2970 525 3053 quod
557 2971 656 3035 etiam
682 2974 753 3038 tum
784 2975 914 3056 poterat
944 2972 1032 3036 domi

27 3077 99 3119 cum
122 3055 217 3120 laude
235 3056 393 3121 meditari
438 3054 500 3121 Sed
519 3080 592 3123 cum
611 3058 729 3142 duplex
747 3059 832 3124 ratio
851 3059 895 3123 sit
913 3060 1032 3124 oratio·

24 3142 77 3205 nis
81 3165 245 3225 ,quarum
267 3144 303 3209 in
325 3144 431 3209 altera
454 3166 560 3210 sermo
584 3145 677 3229 sit,'
667 3169 703 3211 ιιι
730 3147 834 3212 altera
857 3148 1032 3231 contentio,

24 3234 164 3330 nonest
190 3232 224 3296 id
228 3232 380 3333 ,quidem
409 3231 556 3316 dubium,
584 3233 663 3317 quin
685 3235 850 3300 contentio
873 3235 1030 3301 cretionis

25 3314 181 3380 maiorem
203 3319 271 3383 vim
293 3319 414 3385 habeat
437 3320 478 3384 ad
501 3321 641 3404 gloriam
664 3318 718 3407 (ea
741 3327 791 3388 est
814 3324 908 3408 enim,
932 3345 1031 3407 quam

26 3403 187 3488 eloquent
179 3428 245 3471 ram
272 3406 434 3491 dicimus);
466 3408 523 3472 sed
554 3412 666 3474 tamen
694 3411 824 3477 difficile
856 3412 944 3477 dictu
971 3414 1032 3495 est,

26 3494 226 3577 quantopere
263 3495 413 3559 conciliet
445 3495 571 3561 animos
605 3498 742 3564 comitas
779 3461 1032 3583 adfabilitesqud
