2446 3944
540 186 779 252 -368-

157 353 266 415 autem
294 348 386 413 abest
418 347 459 412 ab
487 368 538 429 eo,
569 349 606 411 ut
633 347 754 410 malum
782 367 870 411 mors
899 345 955 429 sit,
986 345 1073 429 quod
1104 346 1170 412 tibi

157 437 278 502 dudum
299 435 481 518 videbatur,
504 438 541 498 ut
563 455 688 516 verear,
714 455 755 498 ne
777 433 902 497 homini
924 433 1008 498 nihil
1031 433 1077 498 sit
1099 455 1170 500 non

157 524 278 588 malum
306 522 406 600 aliud,
433 526 519 586 certe
547 522 590 586 sit
612 521 694 585 nihil
715 521 837 586 bonurn
860 521 947 586 aliud
969 521 1095 604 potius,
1124 522 1169 586 si·

158 610 286 696 quidem
308 610 360 673 vel
383 609 415 674 di
437 609 501 694 ipsi
523 610 574 673 vel
598 630 671 673 oum
694 608 742 672 dis
765 607 867 673 futuri
889 630 1009 672 sumus.

223 698 264 762 A.
292 697 376 773 Quid
398 697 519 761 refert?

223 792 270 849 M.
287 784 416 849 Adsunt
430 785 525 868 enim,
544 784 599 868 qui
612 783 691 848 haec
704 804 769 849 non
788 783 934 866 probent.
962 782 1035 867 Ego
1055 787 1168 848 antem

157 894 331 956 numquam
357 873 404 937 ita
431 875 464 937 te
491 872 526 936 in
553 871 615 936 hoc
642 891 790 936 sermone
817 870 992 952 dimittam,
1018 870 1090 934 ulla
1117 872 1168 936 uti

158 962 284 1025 ratione
306 981 394 1025 mors
416 959 479 1024 tibi
501 959 603 1023 videri
625 959 747 1023 malum
769 958 883 1041 possit.

106 1061 139 1110 Π
224 1049 264 1113 A.
293 1046 355 1123 oui
376 1051 498 1131 potest,
524 1068 596 1111 cum
618 1046 683 1111 ista
705 1045 931 1129 cognoverim?

223 1142 268 1200 M
292 1134 353 1211 Qui
384 1135 501 1218 possit,
527 1133 646 1218 rogas?
696 1132 851 1198 Catervae
885 1134 1017 1198 veniunt
1049 1137 1168 1200 contra

159 1223 347 1306 dicentium,
368 1244 428 1287 nec
447 1223 551 1287 solum
569 1221 814 1304 Epicureorum,
833 1242 913 1305 quos
933 1220 1081 1306 equidem
1098 1244 1168 1289 non

157 1311 312 1395 despicio,
345 1310 400 1374 sed
430 1310 538 1374 nescio
572 1330 634 1391 quo
666 1308 761 1372 modo
794 1308 997 1373 doctissimus
1028 1310 1166 1395 quisque

159 1398 371 1480 [contemnit],
390 1418 554 1462 acerrume
568 1399 677 1460 autem
691 1396 823 1460 deliciae
842 1417 931 1462 meae
947 1395 1166 1463 Dicaearchus

158 1489 234 1551 cont
235 1509 272 1550 ra
219 1485 382 1550 thano
409 1485 684 1549 immortalitatem
712 1483 872 1553 disseruit.
850 1483 954 1548 tIs
986 1485 1072 1547 enim
1104 1485 1166 1550 tris

157 1573 259 1639 libros
278 1572 416 1656 scripsit,
435 1594 491 1657 qur
482 1571 687 1636 Lesbiaci
705 1576 861 1635 vocantur
864 1571 987 1673 ,quod
994 1571 1166 1655 Mytilenis

159 1682 263 1726 sermo
290 1660 479 1742 habetur,
469 1683 504 1724 ιιι
530 1659 645 1744 quibus
678 1659 747 1723 volt
778 1622 904 1723 efficdre
934 1659 1060 1724 animos
1095 1682 1166 1726 esse

158 1747 312 1812 mortalis.
350 1710 451 1812 Stoici
475 1752 582 1812 autem
603 1768 736 1811 usuram
758 1746 853 1812 nobis
876 1747 1059 1831 largiuntur
1081 1751 1166 1813 tam-

159 1857 255 1918 quam
279 1833 471 1918 cornicibus,
495 1835 549 1898 diu
570 1856 739 1899 mansuros
763 1835 854 1899 aiunt
877 1835 1015 1916 animos,
1040 1856 1167 1937 semper

106 1920 287 2006 32negant.
264 1918 419 1985 tNum
440 1943 508 1986 non
530 1922 579 1986 vis
602 1922 701 2006 igitur
724 1921 847 2005 audire,
877 1943 944 2004 cur,
967 1922 1097 1987 etiamsi
1119 1925 1166 1989 ita

159 2010 218 2090 sit,
240 2029 327 2072 mors
351 2012 461 2073 tamen
483 2030 550 2074 non
572 2010 648 2072 sit'
637 2032 673 2072 m
695 2009 810 2073 malis?

224 2096 265 2160 A
292 2094 339 2161 Ut
370 2096 458 2160 uidet
444 2099 509 2178 tur3
546 2096 601 2161 sed
633 2118 684 2160 me
720 2117 815 2161 nemo
853 2096 936 2160 de'
926 2118 1035 2161 mmor
1035 2098 1133 2162 talita
1133 2101 1166 2162 te

160 2183 306 2266 depellet
404 2213 407 2218 ·

106 2285 140 2334 18
224 2276 269 2334 M.
291 2268 402 2336 Laudo
425 2271 458 2334 id
481 2270 623 2354 quidem,
646 2271 708 2334 etsi
725 2271 807 2335 nihil
824 2271 921 2335 nimis
943 2275 1073 2354 oportet
1092 2293 1166 2336 con·

157 2357 265 2421 fidere.
314 2357 482 2423 Movemur
510 2358 594 2421 enim
624 2380 718 2442 saepe
746 2359 853 2442 aliquo
881 2362 973 2422 acuto
1004 2360 1166 2441 concluso,

158 2444 305 2509 labamus
328 2450 553 2530 mutamusque
577 2447 769 2511 sententiam
795 2446 984 2510 clarioribus
1009 2447 1140 2510 etiam
1130 2468 1166 2510 ιιι

158 2533 304 2634 rebus3
294 2556 330 2598 ιιι
356 2534 407 2598 his
437 2536 486 2598 est
513 2534 598 2598 eninr
626 2534 735 2617 aliqua
762 2533 950 2598 obscuritas.
1000 2533 1038 2596 Id
1065 2535 1129 2619 igit
1129 2556 1167 2599 ur

160 2621 188 2685 si
211 2621 376 2704 acciderit,
403 2621 503 2685 simus
527 2621 651 2686 armati.

224 2709 266 2775 A.
294 2707 376 2774 Sane
399 2709 550 2859 quidem,
562 2708 617 2772 sed
639 2731 680 2773 ne
704 2708 828 2773 accidat
813 2708 1047 2809 t,providebo.

225 2803 270 2861 M.
288 2797 376 2862 Num
395 2796 498 2879 quid
489 2796 550 2880 igit
551 2818 588 2859 ur
602 2799 653 2860 est
667 2817 790 2874 causae,
809 2797 886 2880 quin
900 2796 1021 2860 amicos
1035 2800 1166 2862 nostros

160 2881 286 2949 Stoicos
310 2884 403 2948 dimit
404 2883 533 2948 tamus?
563 2904 618 2948 cos
642 2882 728 2965 dico,
755 2884 810 2967 qui
833 2884 924 2946 aiunt
947 2905 1077 2948 manere
1101 2885 1167 2948 ani·

160 2993 245 3054 mos,
268 2993 340 3036 cum
364 2993 380 3035 e
404 2992 537 3055 corpore
560 2971 766 3053 excesserint,
790 2970 934 3034 sednon
958 2992 1093 3054 semper.

225 3059 266 3124 A.
288 3059 375 3124 Istos
402 3079 493 3142 vero,
521 3058 589 3144 qui,
617 3058 702 3142 quod
724 3060 794 3121 tota
823 3058 857 3121 in
878 3057 940 3123 hac
962 3080 1061 3124 causa
1084 3059 1166 3123 diffi-

160 3147 316 3211 cillimum
343 3149 406 3229 est,
435 3146 625 3230 suscipiant,
652 3167 747 3230 posse
775 3145 917 3209 animum
944 3167 1075 3210 manere
1099 3168 1166 3212 cor·

159 3255 238 3315 pore
259 3237 439 3312 vacantem,
462 3233 681 3316 illudentem,
705 3233 789 3317 quod
805 3253 871 3297 non
889 3233 986 3298 modo
1009 3234 1107 3298 facile
1126 3233 1166 3298 ad

160 3320 354 3384 credendum
382 3324 444 3401 est,
472 3321 527 3385 sed
555 3341 592 3385 eo
622 3341 788 3404 concesso,
815 3319 900 3405 quod
933 3320 1061 3405 volunt,
1093 3343 1167 3388 con·

161 3426 309 3491 sequens,
339 3408 374 3472 id
394 3431 460 3473 non
482 3407 670 3491 concedant,
692 3410 743 3492 ut,
771 3429 843 3473 oum
865 3407 921 3472 diu
942 3411 1168 3492 permanserit,

108 3552 112 3557 .
159 3514 200 3556 ne
222 3494 369 3560 intereat.
