2446 3944
454 164 694 230 -211-

74 344 245 390 munerum
262 323 360 409 longe
379 328 555 408 antepono;
576 322 656 390 haec
675 327 725 388 est
743 322 891 410 gravium
910 320 1078 388 hominum

75 415 173 497 atque
190 433 392 498 magnorum,
414 411 474 477 illa
492 411 586 496 quasi
603 410 847 477 adsentatorum
864 410 979 497 populi
997 409 1078 475 mul·

74 499 225 564 titudinis
247 499 415 564 levitatem
432 500 602 585 voluptate
625 499 719 583 quasi
740 499 955 564 titillantium.
996 496 1077 564 Gon·
1096 513 1130 564 es

74 587 184 652 veniet
210 589 319 652 autem
346 607 418 653 cum
444 586 480 652 in
503 587 607 653 dando
630 587 816 652 munificum
839 608 921 671 esse,
950 590 1022 651 tum
1043 586 1079 651 in

75 673 231 760 exigendo
258 696 325 740 non
356 674 507 741 acerbum
537 674 572 739 in
603 675 753 758 omnique
784 696 819 739 re
851 673 1078 758 contrahenda,

74 763 245 827 vendundo
273 763 419 847 emendo,
446 762 650 828 conducendo
676 761 826 846 locando,
856 761 1078 828 vicinitatibus

76 854 110 915 et
128 849 282 934 confiniis,
300 871 447 934 aequum,
464 849 603 929 facilem,
621 850 726 915 multa
744 849 855 915 multis
875 849 914 915 de
932 871 991 916 suo
1008 849 1078 914 iure

77 938 250 1022 cedentem,
273 959 292 1003 a
314 938 428 1003 litibus
451 959 537 1021 vero,
560 942 715 1023 quantum
737 938 835 1003 liceat
855 941 888 1002 et
904 936 1012 1003 nescio
1036 959 1079 1002 an

74 1026 173 1110 paulo
190 1025 265 1110 plus
284 1026 391 1109 etiam,
410 1048 508 1110 quarn
521 1025 627 1111 liceat,
645 1026 881 1092 abhorrentem.
916 1023 978 1091 Est
992 1025 1078 1090 enim

74 1134 141 1178 non
163 1113 259 1179 modo
281 1113 416 1179 liberale
437 1114 571 1199 paulum
592 1135 659 1179 non
679 1135 856 1199 numquam
875 1113 913 1178 de
932 1134 990 1178 suo
1008 1113 1078 1177 iure

75 1200 239 1285 decedere,
266 1201 322 1266 sed
348 1201 510 1266 interdum
541 1202 639 1268 etiam
665 1201 875 1268 fructuosum.
919 1199 1079 1266 Habenda

75 1291 183 1354 autem
211 1289 296 1354 ratio
324 1293 375 1354 est
400 1289 448 1354 rei
477 1289 662 1374 familiaris,
694 1312 791 1375 quam
821 1288 949 1374 quidem
977 1287 1079 1354 dilabi
1180 1344 1183 1349 .

75 1376 179 1442 sinere
202 1376 401 1462 flagitiosum
424 1381 483 1460 est,
506 1376 638 1456 sedita,
660 1382 698 1442 ut
714 1377 958 1443 inliberalitatis
977 1376 1076 1443 avari-

74 1464 204 1548 tiaeque
227 1464 314 1528 absit
336 1464 491 1548 suspici03
512 1486 609 1549 posse
627 1465 713 1530 enim
730 1465 928 1530 liberalitate
946 1464 996 1530 uti
1013 1485 1079 1530 non

76 1551 270 1637 spoliantem
293 1572 328 1617 se
354 1552 552 1638 patrimonio
574 1552 727 1618 nimirum
750 1556 800 1618 est
821 1552 974 1637 pecuniae
997 1551 1079 1618 fruo·

74 1642 128 1704 tus
146 1639 314 1706 maximus.
349 1638 450 1705 Recte
471 1639 570 1705 etiam
588 1663 608 1706 a
626 1639 851 1726 Theophrasto
874 1644 924 1706 est
946 1640 1081 1706 laudata

74 1727 298 1811 hospitalitas3
321 1731 371 1792 est
394 1727 489 1812 enim,
511 1731 548 1791 ut
570 1727 651 1793 mihi
674 1728 803 1813 quidem
825 1728 962 1813 videtur,
984 1728 1078 1795 valde

75 1814 225 1880 decorum
242 1818 355 1901 patere
373 1814 486 1880 domus
504 1815 673 1881 hominum
689 1815 876 1882 inlustrium
894 1817 1078 1902 hospitibus

75 1902 279 1988 inlustribus,
307 1903 403 1987 idque
430 1903 530 1968 etiam
557 1903 604 1968 rei
630 1904 780 1988 publicae
807 1908 857 1969 est
879 1907 1079 1989 ornamento,-

75 1989 221 2055 homines
235 1995 385 2057 externos
398 1990 461 2057 hoc
474 1991 682 2057 liberalitatis
697 2013 812 2078 genere
825 1992 860 2056 in
872 1992 952 2057 urhe
965 1996 1079 2058 nostra

73 2099 140 2143 non
157 2099 260 2164 egere.
295 2077 357 2145 Est
376 2081 485 2143 autem
504 2079 602 2145 etiam
620 2079 827 2145 vehementer
848 2079 929 2144 utile
950 2079 1000 2159 iis,
1023 2080 1079 2164 qui

73 2166 210 2231 honeste
231 2186 328 2252 posse
350 2167 491 2232 multum
513 2167 641 2253 volunt,
670 2189 728 2253 per
750 2167 897 2252 hospites
920 2169 1005 2252 apud
1028 2189 1079 2232 ex·

73 2257 184 2319 ternos
206 2256 345 2339 populos
368 2254 476 2320 valere
497 2255 613 2339 opibus
633 2258 665 2321 et
683 2255 798 2342 gratia.
835 2253 1078 2340 Theophrastus

74 2340 204 2425 quidem
226 2341 340 2407 scribit
358 2339 524 2407 Cimonem
543 2342 682 2408 Athenis
701 2343 799 2408 etiam
821 2342 857 2408 in
879 2364 954 2408 suos
977 2343 1078 2409 curia

73 2429 121 2494 les
143 2428 299 2495 Laciadas
322 2429 519 2515 hospitalem
541 2429 655 2514 fuisse3
676 2429 724 2494 ita
742 2430 828 2495 enim
845 2429 1025 2496 instituisse
1045 2433 1078 2496 et

73 2516 178 2582 vilicis
200 2517 420 2603 imperavisse,
442 2521 480 2583 ut
498 2519 607 2583 omnia
624 2518 864 2603 praeberentur,
886 2519 1078 2603 quicumque

72 2602 226 2669 Laciades
249 2604 285 2670 in
306 2605 420 2671 villam
443 2627 535 2670 suam
561 2605 758 2671 devertisset.

139 2690 227 2767 Quae
245 2697 354 2759 autem
373 2715 481 2778 opera,
502 2714 568 2758 non
586 2692 760 2778 largitione
777 2692 932 2757 beneficia
950 2693 1076 2778 dantur,
1087 2661 1128 2791 135}

72 2779 152 2844 haec
170 2782 241 2845 tum
257 2779 293 2845 in
311 2781 495 2847 universam
513 2802 582 2845 rem
599 2780 772 2865 publicam,
790 2782 862 2844 tum
879 2779 914 2843 in
930 2779 1076 2866 singulos

73 2867 158 2933 cives
173 2867 390 2934 conferuntur.
422 2867 508 2933 Nam
525 2868 561 2933 in
578 2867 647 2932 iure
665 2888 787 2951 cavere,
809 2866 942 2932 oonsilio
965 2866 1076 2933 iuvare

73 2958 171 3039 atque
197 2955 259 3022 hoe
287 2956 440 3022 scientiae
469 2976 585 3041 genere
616 2953 767 3041 prodesse
800 2976 896 3038 quam
927 2954 1076 3039 plurimis

72 3043 278 3109 vehementer
305 3049 338 3109 et
365 3044 407 3110 ad
434 3065 512 3129 opes
538 3041 699 3128 augendas
722 3042 864 3127 pertinet
886 3044 919 3108 et
942 3042 983 3107 ad
1006 3063 1076 3127 gra-

72 3130 161 3194 tiam.
214 3131 329 3215 Itaque
361 3154 433 3198 oum
465 3131 570 3197 multa
600 3131 767 3215 praeclara
797 3129 969 3214 maiorum,
1005 3134 1076 3195 tum

73 3218 159 3302 quod
181 3219 302 3304 optime
325 3219 494 3286 constituti
515 3218 595 3285 iuris
618 3218 722 3283 civilis
744 3240 870 3283 summo
894 3239 1020 3303 semper
1041 3218 1076 3283 in

71 3305 194 3372 honore
211 3306 275 3371 fuit
293 3307 435 3393 cognitio
455 3311 551 3391 atque
568 3306 809 3391 interpretati03
832 3328 928 3390 quam
947 3307 1075 3392 quidem

72 3397 147 3459 ante
173 3394 257 3461 hano
285 3394 504 3460 confusionem
529 3398 712 3479 temporum
734 3394 770 3460 in
791 3395 993 3479 possessione
1016 3417 1075 3460 sua

69 3482 232 3568 principes
246 3483 456 3568 retinuerunt,
469 3504 564 3568 nunc,
577 3486 614 3547 ut
627 3482 776 3567 honores,
794 3487 832 3547 ut
846 3503 957 3549 omnes
973 3478 1152 3680 (ligur

858 3575 911 3633 14⁸
