2446 3944
526 217 565 229 -
613 179 685 263 248,
724 217 765 228 -

138 359 374 424 germanaeque
401 338 546 403 iustitiae
574 338 711 403 solidam
737 341 770 404 et
793 360 978 423 expressam
1001 338 1147 425 effigiem

137 426 262 490 nullam
285 429 444 509 tenemus,
473 427 590 490 umbra
617 430 650 491 et
676 426 875 512 imaginibus
901 426 1031 504 utimur.
1076 427 1147 492 Eas

137 514 226 597 ipsas
253 513 378 577 utinam
407 516 625 597 sequeremur!
657 513 805 579 feruntur
832 514 918 578 enim
946 536 985 578 ex
1011 515 1146 598 optimis

86 617 120 666 το
137 604 274 665 naturae
297 605 331 665 et
347 602 496 666 veritatis
516 601 680 685 exemplis.
716 601 803 667 Nam
822 603 935 686 quanti
953 602 1053 667 verba
1070 603 1146 669 illa:

137 706 198 753 uri
221 706 268 752 nn
291 706 452 755 rnorrnn
475 708 519 754 rr:
542 707 701 754 rmnnvn
725 708 821 755 ruam
842 707 973 755 carrus
990 708 1146 755 FRAUDA-

139 794 248 841 rusvr
273 779 343 842 sm!
372 799 469 861 quam
492 778 551 842 illa
575 799 684 842 aurea:
713 796 757 843 ur
780 796 887 842 neren
914 795 1028 844 nouos
1051 796 1145 843 nunu

137 880 246 929 norun
265 881 424 930 operemur
442 882 488 929 nr
507 882 586 931 snm
605 868 867 932 rnnunnrroun!
907 864 979 947 Sed,
1002 866 1059 948 qui
1077 867 1145 931 sint

139 950 248 1036 ‘boni'‚
281 956 314 1016 et
346 953 422 1036 quid
453 953 497 1017 sit
525 952 618 1017 ‘bene
645 953 721 1038 agi',
753 974 873 1038 magna
905 954 1051 1036 quaestio
1085 960 1146 1019 est.

139 1039 175 1115 Q.
194 1040 322 1124 quidem
341 1039 508 1123 Scaevola,
530 1040 677 1125 pontifex
699 1041 872 1124 maximuS,
895 1062 1054 1106 summam
1076 1042 1145 1107 vim

138 1149 208 1192 esse
231 1128 357 1192 dicebat
380 1128 415 1191 in
438 1128 587 1192 omnibus
610 1128 650 1192 iis
674 1128 828 1213 arbitriis,
853 1128 888 1193 in
911 1129 1027 1213 quibus
1051 1129 1146 1194 adde

137 1220 227 1280 retur
240 1234 288 1279 ux
301 1234 386 1280 mnu
400 1233 504 1299 Bous,
521 1216 660 1300 fideique
677 1217 781 1281 bonae
800 1237 919 1281 nomen
936 1216 1146 1282 existimabat

138 1325 269 1368 manare
292 1303 460 1386 latissime,
482 1304 578 1387 idque
598 1304 722 1368 versari
738 1304 773 1367 in
791 1304 904 1368 tutelis
924 1304 1144 1388 societatibus²

137 1391 262 1456 fiduciis
286 1391 458 1469 mandatis,
480 1392 577 1456 rebus
602 1392 719 1476 emptis
738 1392 886 1475 venditis,
909 1391 1074 1456 conductis
1097 1393 1145 1457 lo-

139 1480 230 1563 catis,
253 1480 369 1563 quibus
393 1479 480 1544 vitae
499 1480 636 1545 societas
656 1479 888 1562 contineretur3
910 1479 945 1543 in
967 1480 1007 1543 iis
1031 1481 1144 1566 magni

138 1589 208 1632 esse
221 1567 335 1632 iudieis
350 1571 502 1651 statuere,
518 1567 709 1652 praesertim
723 1589 796 1633 eum
810 1567 844 1631 in
857 1567 1021 1652 plerisque
1035 1573 1145 1633 essent

137 1655 255 1720 iudieia
273 1655 443 1739 contraria,
467 1656 545 1738 quid
563 1677 721 1739 quemque
740 1655 853 1739 auique
871 1660 1037 1740 praestare
1052 1678 1145 1740 opor·

85 1757 118 1804 71
138 1747 231 1807 teret.
276 1741 433 1817 Quoeirea
460 1744 600 1807 astutiae
628 1743 791 1809 tollendae
821 1747 897 1808 snnt
925 1765 1026 1828 eaque
1053 1745 1145 1808 mali-

137 1831 185 1894 tia
191 1880 201 1913 ‚
224 1852 305 1913 quae
328 1831 398 1894 volt
421 1831 480 1895 illa
502 1830 631 1914 quidem
654 1831 756 1896 videri
779 1853 814 1895 se
837 1852 907 1896 esse
929 1832 1146 1916 prudentiam,

138 1917 194 1983 sed
221 1917 314 1981 abest
341 1917 382 1981 ab
411 1939 448 1982 ea
474 1918 637 2002 distatque
659 1919 844 2003 plurimum.
889 1918 1066 1982 Prudentia
1083 1924 1145 1983 ,est

138 2005 223 2069 enim
246 2005 354 2069 locata
376 2005 411 2068 in
434 2006 553 2070 dileetu
576 2007 735 2071 bonorum
758 2006 982 2087 etmalorum,
1007 2006 1144 2090 malitia,

137 2093 165 2158 si
193 2092 313 2174 omnia,
341 2114 423 2176 quae
450 2095 559 2177 turpia
586 2097 675 2176 sunt,
703 2094 790 2158 mala
818 2097 906 2170 sunt,
933 2093 1021 2157 mala
1048 2094 1143 2158 bonis

135 2181 229 2266 ponit
257 2183 340 2243 ante.
385 2178 454 2245 Nee
480 2204 557 2247 vero
589 2182 624 2246 in
653 2181 794 2266 praediis
827 2180 933 2244 solum
964 2180 1014 2243 ius
1047 2180 1144 2245 oivile

137 2270 267 2333 ductum
291 2291 311 2332 a
337 2272 455 2332 natura
481 2269 642 2334 malitiam
667 2267 876 2350 fraudemque
903 2267 1059 2350 vindieat,
1087 2270 1146 2333 sed

136 2357 235 2421 etiam
257 2358 292 2419 in
314 2357 548 2442 mancipiorum
569 2355 753 2421 venditione
770 2354 949 2420 venditoris
966 2355 1057 2420 fraus
1077 2378 1145 2421 om-

135 2445 186 2509 nis
218 2444 406 2509 excluditur.
455 2443 517 2520 Qui
549 2444 634 2509 enim
666 2442 747 2507 seire
779 2443 890 2507 debuit
922 2443 960 2507 de
993 2444 1144 2528 sanitate,

136 2533 175 2596 de
197 2531 285 2618 fuga,
308 2531 347 2594 de
369 2531 474 2613 furtis,
496 2534 642 2616 praestat
661 2530 766 2596 edicto
786 2530 947 2596 aedilium.
979 2531 1143 2597 Heredum

83 2634 117 2683 ru
137 2620 202 2684 alia
230 2642 327 2684 causa
354 2624 412 2683 est.
456 2620 507 2684 Ex
535 2615 598 2704 qu⁸o
629 2618 846 2704 intellegitur,
879 2620 1031 2704 quoniam
1063 2621 1143 2685 iuris

135 2713 253 2773 natura
270 2708 343 2771 fons
363 2707 415 2790 sit,
437 2708 499 2772 hoe
518 2709 693 2773 seeundum
709 2711 862 2772 naturam
881 2730 961 2792 esse,
982 2709 1145 2773 neminem

134 2797 168 2860 id
192 2817 304 2881 agere,
327 2799 364 2858 nt
387 2816 425 2859 ex
449 2795 582 2860 alterius
605 2796 779 2881 praedetur
800 2795 939 2860 inscitia.
984 2794 1054 2860 Nee
1076 2797 1145 2861 ulla

134 2885 292 2969 pernicies
315 2883 402 2947 vitae
425 2883 528 2946 maior
551 2883 689 2949 inveniri
710 2887 820 2969 potest
843 2906 941 2967 quam
959 2884 994 2947 in
1016 2884 1145 2948 malitia

136 2971 301 3036 simulatio
333 2971 590 3055 intellegentiam
627 2993 666 3037 ex
702 2993 766 3055 quo
797 2971 863 3035 ista
893 2971 1144 3036 innumerabilia

134 3063 324 3142 naseuntur,
351 3061 389 3122 ut
411 3058 507 3122 utilia
529 3081 602 3124 oum
624 3059 771 3123 honestis
794 3079 941 3143 pugnare
963 3059 1144 3123 videantur.

135 3146 259 3222 Quotus
293 3146 378 3210 enim
411 3146 546 3230 quisque
577 3146 770 3231 reperietur,
802 3147 857 3230 qui
888 3147 1082 3230 impunitate
1111 3151 1145 3211 et

135 3233 339 3320 ignoratione
359 3234 502 3299 omnium
520 3235 690 3320 proposita
708 3233 871 3299 abstinere
884 3235 990 3318 possit
1003 3233 1143 3299 iniuria?

200 3321 433 3405 Perielitemur,
456 3322 485 3386 si
506 3324 624 3408 placet,
649 3326 682 3388 et
704 3321 739 3386 in
760 3322 801 3386 iis
826 3321 955 3406 quidem
977 3322 1145 3406 exemplis,

85 3288 124 3352 18

81 3366 115 3415 73
133 3407 169 3474 in
191 3409 308 3493 quibus
330 3410 458 3493 peccari
477 3412 593 3497 volgus
611 3410 780 3477 hominum
799 3410 938 3475 fortasse
956 3432 1023 3474 non
1040 3413 1144 3494 putet.

57 3470 246 3711 &deque
270 3497 355 3561 enim
379 3498 417 3563 de
441 3498 575 3584 sicariis,
597 3498 756 3582 venefieis,
777 3497 1043 3582 testamentariis,
1065 3497 1145 3563 furi·
