2446 3944
462 192 700 258 -497-

82 348 242 434 Epicurus
266 371 364 433 quam
386 349 637 434 praedictionem
659 373 767 416 rerum
789 352 981 436 futurarum,
1003 352 1085 418 mihi

83 438 211 502 videtur
243 438 296 502 vel
323 458 476 502 maxume
506 438 695 503 confirmare
723 439 855 504 deorum
881 440 1085 526 providentia
1188 473 1189 476 ยน

84 525 209 590 consuli
235 525 331 589 rebus
354 526 513 590 humanis.
556 525 619 590 Est
637 526 727 590 enim
749 527 895 612 profecto
918 528 1085 611 divinatio,

85 635 166 697 quac
188 613 300 678 multis
320 613 410 696 locis,
432 613 538 698 rebus,
560 614 760 698 temporibus
779 620 914 700 apparet
932 639 1005 681 cum
1024 617 1084 698 [in]

85 701 222 786 privatis
244 705 315 765 tum
338 722 486 766 maxume
508 701 655 786 publicis.
695 701 800 767 Multa
822 706 956 767 cernunt
978 705 1072 768 111111-
1088 719 1139 768 163

85 790 202 875 spicas,
225 789 330 854 multa
353 810 492 874 augures
514 788 694 874 provident,
718 790 822 854 multa
845 792 961 855 oraclis
984 792 1086 856 deela-

84 881 211 960 rantur,
239 877 343 941 multa
364 877 663 959 vaticinationibus,
686 877 790 942 multa
813 877 960 962 somniis,
982 880 1086 943 multa

84 965 258 1049 portentis,
286 965 402 1048 quibus
425 965 565 1051 cognitis
589 966 710 1030 multae
735 987 829 1050 saepe
851 986 904 1029 res
927 987 964 1043 cco
986 967 1087 1030 homi-

82 1074 161 1117 num
193 1053 355 1119 sententia
387 1056 484 1138 atque
514 1052 658 1137 utilitate
690 1057 817 1138 partae,
853 1054 957 1117 multa
989 1054 1087 1117 etiam

83 1141 227 1226 pericula
255 1140 390 1227 depulsa
415 1144 500 1206 sunt.
545 1140 634 1207 Haec
656 1141 757 1227 igitur
780 1141 847 1205 sive
868 1141 919 1206 vis
943 1141 1010 1205 sive
1034 1163 1087 1204 ars

85 1229 152 1293 sive
170 1232 289 1294 natura
307 1230 348 1294 ad
366 1229 535 1294 scientiam
552 1251 659 1294 rerum
677 1229 860 1294 futurarum
878 1228 1003 1294 homini
1014 1251 1088 1313 pro-

82 1316 167 1381 fecto
200 1321 250 1382 est
276 1338 336 1383 nec
363 1318 420 1382 alii
447 1317 596 1401 cuiquam
624 1340 644 1382 a
672 1316 720 1382 dis
748 1317 976 1382 inmortalibus
1003 1317 1088 1381 data.

84 1403 172 1479 Quae
196 1404 224 1468 si
247 1404 377 1490 singula
398 1426 458 1471 vos
480 1405 566 1470 forte
587 1426 654 1470 non
671 1409 811 1488 movent,
834 1405 984 1470 universa
1002 1408 1088 1469 certe

83 1494 195 1556 tamen
225 1491 310 1556 inter
342 1514 376 1557 se
408 1514 528 1557 conexa
558 1495 657 1576 atque
684 1492 855 1557 coniuncta
881 1514 1010 1558 movere
1038 1492 1089 1556 de

84 1579 216 1644 bebunt.

151 1665 220 1732 Nec
250 1689 327 1733 vero
358 1667 508 1733 universo
536 1667 647 1753 generi
673 1668 841 1733 hominum
869 1669 987 1753 solum,
1020 1668 1075 1732 sed
1091 1681 1142 1731 164

85 1755 184 1820 etiam
207 1755 344 1840 singulis
369 1777 388 1820 a
411 1755 459 1821 dis
482 1756 710 1821 inmortalibus
733 1757 858 1821 consuli
877 1761 909 1821 et
927 1755 1090 1842 provideri

86 1844 179 1908 solet.
227 1842 319 1908 Licet
352 1843 436 1908 enim
468 1843 658 1909 contrahere
687 1844 934 1910 universitatem
961 1844 1089 1930 generis

86 1931 219 1995 humani
242 1953 377 2015 eamque
400 1932 562 2017 gradatim
586 1933 626 1997 ad
647 1932 828 2018 pauciores,
850 1936 1015 2018 postremo
1039 1932 1089 1996 de-

87 2019 202 2084 ducere
225 2019 267 2084 ad
289 2020 445 2105 singulos.
485 2018 572 2085 Nam
595 2020 623 2084 si
646 2021 795 2085 omnibus
817 2020 1011 2103 hominibus,
1035 2020 1090 2104 qui
1099 2025 1141 2088 66

85 2108 205 2191 ubique
231 2111 307 2172 sunt
330 2129 529 2192 quacumque
551 2108 586 2174 in
608 2130 666 2174 ora
688 2130 725 2174 ac
747 2113 840 2194 parte
862 2112 1025 2173 terrarum
1048 2108 1089 2172 ab

84 2195 216 2260 huiusce
238 2200 354 2280 terrae,
377 2218 474 2280 quam
496 2218 557 2261 nos
579 2196 760 2281 incolimus,
782 2200 858 2262 cont
843 2197 1023 2262 tinuatione
1047 2195 1090 2260 di-

86 2284 184 2348 stant
176 2307 253 2367 1um,
272 2284 348 2349 deos
367 2284 533 2349 consulere
551 2306 717 2349 censemus
737 2285 778 2349 ob
798 2307 852 2349 eas
868 2306 990 2367 causas,
1010 2305 1089 2383 quas

85 2375 161 2434 ante
189 2371 340 2466 diximus,
372 2371 424 2434 his
453 2393 578 2454 quoque
605 2372 792 2436 hominibus
820 2335 1004 2454 consulunt,
1035 2370 1090 2452 qui

85 2457 145 2521 has
166 2451 337 2522 nobiscum
359 2460 464 2521 terras
488 2458 529 2521 ab
552 2458 657 2521 orient
659 2479 676 2522 e
643 2459 737 2522 tad
755 2459 951 2524 occidentem
970 2456 1088 2522 colunt.

85 2542 143 2608 Sin
161 2547 270 2607 autem
287 2545 336 2608 bis
354 2544 536 2627 consulunt,
559 2543 614 2626 qui
633 2545 727 2627 quasi
744 2566 896 2630 magnam
915 2543 1076 2629 quandam
1091 2557 1143 2607 165

83 2632 225 2696 insulam
254 2631 415 2714 incolunt,
445 2653 542 2714 quam
570 2651 631 2695 nos
661 2632 773 2696 orbem
800 2635 905 2695 terrae
927 2652 1089 2713 vocamus,

84 2720 183 2784 etiam
209 2719 276 2782 illis
306 2718 492 2802 consulunt,
520 2718 576 2801 qui
598 2722 708 2802 partes
732 2719 799 2782 eius
822 2719 946 2782 insulae
969 2720 1089 2801 tenent,

83 2806 263 2892 Europam,
288 2806 423 2959 tAsiam,
455 2806 610 2870 Africam.
658 2806 748 2891 Ergo
780 2809 813 2869 et
842 2828 953 2870 earum
979 2808 1089 2890 partes

86 2896 241 2980 diligunt,
265 2897 302 2959 ut
323 2893 475 2979 Romam,
498 2894 659 2979 Athenas,
683 2892 848 2995 Spartam,
870 2893 1033 2976 Rhodum,
1057 2896 1089 2958 et

84 3006 197 3047 earum
228 2982 358 3048 urbium
386 2983 562 3066 separatim
590 2983 630 3047 ab
658 2981 817 3046 universis
846 2982 991 3068 singulos
1020 2944 1089 3044 dili-

86 3075 181 3157 gunt,
210 3074 248 3135 ut
274 3070 393 3154 Pyrrhi
418 3071 507 3136 bello
530 3069 676 3154 Curium,
704 3068 903 3153 Fabricium,
931 3068 1089 3134 Corunca-

82 3161 187 3243 nium,
214 3159 321 3244 primo
343 3157 465 3224 Punico
489 3157 592 3224 Galat
569 3163 686 3241 t,mum
710 3157 877 3222 Duellium
881 3157 1088 3243 ,Metellum

83 3246 183 3312 Lutat
133 3247 267 3332 tatium,
291 3247 429 3312 secundo
452 3247 649 3331 Maxumum,
671 3209 869 3330 ldarcellum,
891 3245 1089 3330 Africanum,

85 3339 161 3421 post
185 3336 246 3400 hos
268 3335 420 3421 Paulum,
443 3335 633 3420 Gracchum,
656 3333 718 3400 Cat
704 3339 813 3400 tonem
834 3337 1004 3419 patrumve
1026 3357 1089 3398 me-

82 3424 189 3489 moria
223 3421 418 3509 Scipionem,
449 3423 609 3508 Laelium3
645 3424 828 3506 multosque
858 3425 1025 3505 praeterea
1057 3427 1090 3486 et

81 3516 200 3578 nostra
227 3512 341 3577 civitas
365 3517 398 3577 et
421 3511 555 3578 Graecia
578 3512 656 3578 tulit
680 3511 859 3596 singulares
882 3510 983 3593 viros,
1014 3531 1090 3592 quo-

136 3619 318 3674 ltrlfieulett,
333 3621 378 3666 1111.
391 3620 507 3676 bottelaer.
521 3621 635 3676 61111111
892 3629 926 3676 32
