2446 3944
466 192 706 256 -137-

74 354 127 419 vel
143 353 379 440 benignitatem
397 355 448 419 vel
467 355 699 420 liberalitatem
717 355 877 439 appellari
897 355 981 420 licet.
1013 353 1076 420 Sed

73 442 217 507 iustitiae
244 442 384 527 primum
411 465 527 507 munus
556 447 618 527 est,
649 447 686 507 ut
713 464 753 506 ne
781 444 831 507 cui
860 443 931 526 quis
960 446 1076 508 noceat

74 529 139 594 nisi
157 530 324 595 lacessitus
342 530 468 614 iniuria,
487 531 599 595 deinde
617 534 654 595 ut
673 531 895 596 communibus
914 553 973 616 pro
991 553 1076 596 com-

74 617 224 682 munibus
247 620 367 703 utatur,
389 619 525 703 privatis
549 622 586 683 ut
609 618 684 683 suis
720 616 929 695 Suntautem
948 619 1076 703 privata
1094 635 1128 684 21

73 706 165 769 nulla
186 710 311 789 natura,
335 707 390 770 sed
409 710 465 771 aut
483 710 591 771 vetere
610 707 826 790 occupatione,
849 711 886 771 ut
905 707 960 791 qui
978 729 1076 790 quon-

74 793 150 858 dam
167 793 202 857 in
219 816 321 859 vacua
339 798 503 877 venerunt,
522 797 578 860 aut
596 795 741 878 victoria,
758 798 795 859 ut
809 795 864 877 qui
877 795 964 860 bello
978 795 1076 879 potiti

75 885 159 964 sunt,
182 885 239 946 aut
262 882 342 967 lege,
364 882 521 967 pactione,
544 883 738 966 condicione,
761 886 863 965 sorte3
886 905 924 946 ex
943 905 1006 966 quo
1028 883 1076 966 fit,

74 972 112 1034 ut
134 990 212 1054 ager
229 968 371 1054 Arpinas
391 970 600 1054 Arpinatium
622 970 756 1053 dicatur,
779 970 978 1035 Tusculanus
998 970 1076 1036 Tus-

74 1058 276 1140 culanorum3
310 1057 489 1141 similisque
521 1061 570 1122 est
602 1059 804 1142 privatarum
835 1059 1076 1142 possessionum

75 1144 238 1229 discripto.
288 1144 340 1208 Ex
371 1166 448 1228 quo,
480 1146 555 1229 quia
587 1168 680 1210 suum
707 1146 860 1230 cuiusque
891 1147 929 1210 fit
956 1168 1076 1228 eorum,

74 1255 156 1315 quae
178 1235 296 1296 natura
317 1233 447 1298 fuerant
469 1234 664 1318 communia,
692 1235 777 1318 quod
805 1234 919 1316 cuique
947 1234 1076 1319 obtigit,

73 1321 106 1385 id
130 1320 264 1404 quisque
287 1323 410 1404 teneat3
433 1343 450 1385 o
473 1343 536 1404 quo
556 1323 584 1385 si
602 1322 674 1405 quis
694 1322 757 1386 sibi
775 1325 917 1405 appetet,
939 1322 1077 1387 violabit

72 1409 124 1472 ius
151 1407 311 1473 humanae
339 1408 512 1474 societatis.
558 1408 620 1474 Sed
648 1409 813 1493 quoniam,
845 1413 882 1473 ut
911 1410 1076 1492 praeclare
1095 1425 1130 1473 22

74 1495 304 1579 scriptumest
327 1519 346 1560 a
367 1495 513 1580 Platone,
538 1519 603 1561 non
626 1497 720 1562 nobis
744 1497 850 1560 solum
872 1496 942 1560 nati
966 1519 1075 1561 sumus

74 1588 227 1667 ortusque
249 1584 353 1649 nostri
375 1588 503 1668 partem
525 1585 633 1668 patria
655 1584 806 1666 vindicat,
828 1588 954 1668 partem
973 1585 1076 1668 amici,

74 1675 181 1755 atque,
204 1674 240 1736 ut
262 1672 369 1755 placet
392 1671 520 1754 Stoicis,
543 1693 625 1754 quae
647 1671 682 1734 in
703 1672 800 1735 terris
824 1672 1013 1756 gignantur,
1036 1673 1077 1737 ad

73 1781 168 1824 usum
194 1758 362 1823 hominum
390 1760 498 1824 omnia
526 1759 640 1841 creari,
667 1758 815 1824 homines
842 1763 951 1824 autem
975 1759 1076 1824 homi-

72 1870 152 1911 num
175 1868 272 1911 causa
295 1868 364 1911 esse
388 1850 572 1931 generatos,
598 1850 635 1910 ut
662 1846 726 1930 ipsi
752 1847 837 1911 inter
864 1869 899 1911 se
922 1847 996 1911 aliis
1020 1848 1077 1912 alii

74 1934 226 2018 prodesse
256 1938 403 2018 possent,
439 1935 473 1998 in
503 1934 565 1999 hoc
596 1938 748 1998 naturam
780 1935 931 1999 debemus
964 1935 1077 2000 ducem

75 2023 175 2105 sequi,
193 2044 377 2087 communes
393 2023 552 2086 utilitates
566 2022 602 2085 in
615 2023 755 2087 medium
771 2023 883 2086 afferre
897 2023 1077 2106 mutatione

75 2110 263 2191 officiorum,
287 2109 390 2175 dando
414 2110 606 2194 accipiendo,
628 2114 699 2175 tum
722 2110 857 2194 artibus,
878 2114 949 2174 tum
970 2133 1077 2195 opera,

74 2202 145 2262 tum
162 2197 373 2261 facultatibus
392 2196 551 2262 devincire
569 2198 737 2263 hominum
754 2197 839 2262 inter
857 2197 1004 2263 homines
1028 2221 1077 2263 so-

75 2286 234 2350 cietatem.
260 2284 517 2350 Fundamentum
533 2289 640 2350 autem
656 2289 705 2350 est
718 2285 862 2350 iustitiae
875 2286 964 2370 fides,
980 2287 1077 2350 idest
1097 2301 1130 2350 23

76 2373 234 2438 dictorum
261 2377 555 2457 conventorumque
582 2373 765 2438 constantia
792 2377 825 2438 et
853 2373 982 2438 veritas.
1026 2373 1077 2437 Ex

76 2483 148 2545 quo,
169 2481 364 2544 quamquam
382 2461 443 2526 hoc
462 2462 623 2527 videbitur
640 2462 780 2527 fortasse
799 2460 939 2544 cuipiam
958 2461 1077 2543 durius,

75 2553 186 2614 tamen
199 2549 372 2613 audeamus
386 2548 507 2614 imitari
520 2547 655 2633 Stoicos,
670 2549 725 2632 qui
739 2549 882 2613 studiose
896 2549 1077 2632 exquirunt,

74 2636 158 2700 unde
180 2637 280 2701 verba
303 2636 369 2700 sint
391 2638 496 2721 ducta,
519 2637 756 2720 credamusque,
783 2636 858 2720 quia
880 2636 968 2720 fiat,
992 2638 1078 2721 qnod

76 2723 197 2789 dictum
220 2727 282 2806 est,
306 2726 504 2808 appellatam
526 2725 632 2788 fidem.

142 2809 205 2876 Sed
226 2811 404 2876 iniustitiae
426 2833 546 2896 genera
568 2813 630 2876 duo
652 2814 736 2894 sunt,
761 2834 859 2874 unum
879 2832 998 2894 eorum,
1022 2811 1078 2895 qui

74 2899 230 2982 inferunt,
259 2901 397 2964 alterum
419 2922 544 2984 eorum,
571 2900 626 2983 qui
649 2900 690 2964 ab
713 2898 766 2983 iis,
792 2898 908 2981 quibus
931 2898 1077 2981 infertur,

75 2987 104 3053 si
121 2990 267 3072 possunt,
289 3009 354 3052 non
372 2989 565 3073 propulsant
582 2987 742 3052 iniuriam.
778 2985 865 3052 Nam
886 2987 942 3070 qui
959 2986 1077 3050 iniuste

73 3075 231 3160 impetum
254 3075 289 3139 in
311 3077 494 3160 quempiam
512 3076 591 3142 facit
610 3079 666 3140 aut
683 3076 733 3139 ira
751 3079 808 3140 aut
826 3074 936 3158 aliqua
953 3078 1077 3159 pertur-

73 3163 206 3229 batione
224 3163 387 3247 incitatus,
404 3164 432 3228 is
452 3165 545 3247 quasi
563 3185 677 3229 manus
699 3163 812 3227 afferre
830 3163 957 3227 videtur
976 3163 1076 3246 socio;

74 3250 131 3336 qui
149 3254 258 3315 autem
275 3273 341 3316 non
359 3250 501 3316 defendit
518 3274 578 3317 nec
596 3252 737 3335 obsistit,
755 3251 783 3314 si
796 3253 915 3334 potest,
932 3250 979 3316 ini
1020 3250 1026 3263 '

73 3342 144 3403 tam
172 3341 222 3404 est
248 3338 283 3402 in
308 3339 402 3424 vitio,
430 3362 527 3424 quarn
556 3340 584 3404 si
610 3342 760 3423 parentes
789 3342 846 3403 aut
873 3338 992 3405 amicos

73 3425 215 3512 patriam
243 3426 378 3492 deserat.
422 3427 531 3512 Atque
558 3427 635 3492 illae
663 3425 792 3509 quidem
818 3425 967 3510 iniuriae,
993 3273 1030 3712 Ῑ

72 3515 209 3581 nocendi
237 3536 333 3580 causa
360 3514 398 3580 de
420 3514 581 3580 industria
606 3513 800 3600 inferuntur,
828 3535 923 3600 saepe
945 3535 967 3581 a
