2446 3944
469 202 709 266 —141—

84 359 226 446 triginta
240 357 363 424 dierum
377 363 485 424 essent
498 382 570 425 cum
588 359 682 425 hoste
700 359 843 426 indutiae
860 361 976 446 factae,
992 365 1092 427 noctu

84 448 305 534 populabatur
332 468 443 533 agros,
471 448 557 531 quod
584 448 707 520 dierum
735 453 843 514 essent
869 454 997 534 pactae,
1014 450 1092 514 'non
1200 450 1203 456 ’

83 535 232 604 noctium
260 534 413 599 indutiae.
458 535 509 600 Ne
535 539 646 600 noster
673 537 802 619 quidem
833 538 1030 621 probandus,
1063 537 1091 601 si

83 645 199 690 verum
233 627 283 687 est
314 622 351 698 Q.
381 623 520 688 Fabium
551 624 734 689 Labeonem
771 647 826 690 seu
863 647 958 709 quem
991 626 1091 690 alium

83 709 185 798 (nihil
208 711 294 775 enim
316 711 420 776 habeo
443 713 573 796 praeter
596 709 755 798 auditum)
779 713 937 778 arbitrum
953 713 1090 778 Nolanis

84 803 120 864 et
142 799 368 883 Neapolitanis
396 799 435 863 de
461 799 580 864 finibus
608 822 627 864 a
655 804 768 865 senatu
796 802 921 885 datum,
950 824 1023 866 cum
1051 802 1091 866 ad

85 888 196 952 locum
217 887 372 970 venisset,
399 910 471 952 cum
494 888 640 971 utrisque
664 889 838 972 separatim
866 890 1023 974 locutum,
1050 911 1091 955 ne

85 974 201 1060 cupide
225 974 301 1058 quid
324 979 472 1060 agerent,
494 997 534 1040 ne
558 976 759 1060 adpetenter,
785 981 882 1060 atque
905 981 941 1041 ut
963 978 1091 1063 regredi

86 1085 185 1147 quam
203 1063 355 1148 progredi
373 1064 517 1128 mallent.
553 1062 591 1128 Id
609 1085 681 1128 cum
698 1064 828 1148 utrique
851 1063 1011 1148 fecissent,
1034 1065 1090 1129 ali·

81 1155 245 1235 quantum
269 1151 340 1236 agri
362 1151 396 1215 in
419 1152 524 1216 medio
547 1152 696 1216 relictum
720 1156 778 1216 est.
818 1152 933 1235 Itaque
957 1153 1090 1216 illorum

85 1238 162 1304 finis
181 1237 236 1322 sic,
252 1242 290 1303 ut
304 1239 368 1323 ipsi
381 1239 536 1322 dixerant,
553 1239 755 1323 terminavit3
772 1240 807 1305 in
823 1240 927 1304 medio
942 1241 1091 1305 relictum

87 1327 174 1411 quod
196 1330 275 1410 erat,
297 1327 418 1412 populo
441 1327 588 1393 Romano
612 1327 815 1392 adiudicavit.
850 1327 1006 1411 Decipere
1028 1327 1091 1392 hoo

86 1415 217 1498 quidem
244 1418 307 1497 est,
334 1437 400 1480 non
426 1414 574 1480 iudicare.
619 1414 776 1490 Quocirca
801 1415 837 1479 in
863 1415 952 1479 omni
979 1419 1029 1478 est
1056 1436 1090 1479 re

84 1502 241 1588 fugienda
262 1503 340 1566 talis
364 1502 518 1567 sollertia.

153 1587 235 1653 Sunt
254 1594 362 1655 autem
376 1591 533 1674 quaedam
547 1590 653 1655 officia
667 1591 766 1655 etiam
781 1590 934 1655 adversus
953 1612 1007 1655 eos
1027 1612 1090 1654 ser·
1103 1589 1141 1653 11

83 1678 205 1761 vanda,
232 1699 252 1742 a
279 1678 395 1761 quibus
421 1678 572 1743 iniuriam
601 1678 769 1763 acceperis.
813 1678 875 1742 Est
904 1679 988 1743 enim
1015 1678 1090 1743 ulci-

85 1765 196 1830 scendi
213 1768 247 1829 et
263 1765 415 1849 puniendi
433 1767 561 1849 modus,
580 1769 677 1849 atque
695 1766 783 1830 haud
802 1766 867 1831 scio
887 1788 929 1830 an
947 1766 1027 1830 satis
1048 1766 1091 1830 sit

85 1875 169 1938 eum,
193 1854 248 1937 qui
266 1854 453 1937 lacessierit,
470 1854 607 1918 iniuriae
626 1875 703 1918 suae
721 1854 894 1938 paenitere,
915 1857 952 1918 ut
971 1854 1090 1938 etipse

83 1963 128 2006 ne
156 1942 232 2024 quid
258 1942 325 2006 tale
351 1942 488 2026 posthac
515 1946 548 2005 et
575 1942 672 2006 ceteri
700 1942 766 2006 sint
789 1943 829 2006 ad
852 1942 1003 2006 iniuriam
1025 1946 1090 2006 tar-

87 2030 203 2094 diores.
238 2029 347 2113 Atque
365 2030 400 2093 in
417 2052 452 2094 re
469 2030 600 2114 publica
617 2030 755 2093 maxime
774 2030 993 2094 conservanda
1014 2034 1089 2094 sunt
1108 2042 1140 2092 34

85 2118 158 2181 iura
172 2117 259 2181 belli.
290 2116 375 2181 Nam
390 2139 462 2182 cum
476 2118 542 2181 sint
561 2118 622 2182 duo
643 2139 761 2204 genera
780 2118 972 2202 decertandi,
989 2140 1089 2182 unum

86 2226 145 2291 per
173 2205 451 2290 disceptationem,
483 2205 621 2270 alterum
647 2227 705 2291 per
732 2205 812 2290 vim,
844 2227 979 2289 cumque
1007 2204 1090 2269 illud

85 2293 254 2378 proprium
282 2292 325 2357 sit
351 2293 491 2357 hominis
497 2345 505 2377 ,
536 2293 598 2358 hoc
627 2294 809 2378 beluarum,
841 2293 1089 2378 confugiendum

86 2384 137 2445 est
165 2381 206 2446 ad
234 2382 408 2464 posterius,
441 2381 468 2444 si
494 2381 544 2444 uti
570 2381 738 2447 non-licet
765 2381 938 2466 superiore.
984 2379 1089 2456 Quare
1108 2393 1140 2442 35

85 2466 289 2552 suscipienda
307 2469 435 2552 quidem
453 2469 541 2533 bella
559 2473 635 2533 sunt
653 2470 694 2534 ob
714 2492 785 2533 eam
803 2491 942 2553 causam,
965 2472 1002 2533 ut
1020 2469 1088 2533 sine

84 2556 204 2620 iniuria
225 2556 260 2619 in
281 2579 360 2640 pace
382 2557 524 2639 vivatur,
550 2560 646 2640 parta
675 2560 782 2621 autem
805 2557 941 2622 victoria
964 2578 1088 2622 conser-

85 2643 183 2709 vandi
195 2644 228 2727 ii,
247 2645 302 2727 qui
315 2667 381 2709 non
394 2645 537 2709 crudeles
552 2645 587 2707 in
602 2644 698 2727 bello,
712 2665 778 2708 non
790 2645 935 2710 inmanes
950 2644 1088 2728 fuerunt,

84 2734 123 2795 ut
144 2732 283 2796 maiores
305 2733 411 2797 nostri
433 2731 641 2814 Tusculanos,
663 2731 808 2816 Aequos,
829 2732 977 2814 Volscos,
1000 2730 1089 2795 Sabi-

84 2840 159 2902 nos,
181 2818 338 2884 Hernicos
361 2821 396 2884 in
418 2820 583 2884 civitatem
607 2819 705 2891 etiam
728 2823 932 2903 acceperunt,
953 2822 987 2883 at
1009 2817 1089 2882 Kar-

85 2906 254 2992 thaginem
278 2912 310 2972 et
330 2907 541 2972 Numantiam
564 2907 707 2971 funditus
731 2907 944 2989 sustulerunt3
966 2906 1089 2971 nollem

85 2993 291 3079 Corinthum,
318 2996 374 3061 sed
397 2996 490 3060 credo
515 2995 637 3078 aliquid
665 2998 805 3077 secutos,
833 2994 1089 3078 oportunitatem

84 3082 148 3147 loci
174 3105 337 3168 maxume,
363 3105 403 3148 ne
430 3086 541 3166 posset
565 3082 737 3166 aliquando
761 3082 802 3147 ad
828 3082 951 3147 bellum
972 3081 1036 3147 faci

84 3171 161 3234 dum
180 3172 268 3236 locus
291 3171 361 3255 ipse
380 3170 554 3236 adhortari.
590 3170 664 3234 Mea
682 3170 810 3253 quidem
829 3169 990 3236 sententia
1006 3102 1177 3327 pff

85 3279 168 3341 quae
194 3259 277 3323 nihil
304 3259 457 3323 habitura
484 3259 527 3323 sit
553 3258 756 3342 insidiarum,
786 3280 912 3343 semper
940 3262 990 3324 est

84 3346 262 3410 sulendum.
298 3346 338 3410 In
357 3369 419 3430 quo
440 3347 468 3410 si
485 3346 566 3411 mihi
586 3350 670 3411 esset
690 3349 957 3432 optemperatum,
976 3346 1005 3412 si
1021 3366 1081 3415 nm

84 3437 261 3518 optumam,
284 3438 319 3499 at
342 3435 484 3518 aliquam
507 3456 575 3498 rem
597 3435 769 3520 publicam,
793 3457 874 3520 quae
896 3457 1021 3500 nuncu

84 3525 148 3607 est,
170 3523 372 3587 haberemus.
416 3523 462 3587 Et
484 3545 557 3587 cum
579 3522 634 3609 iis,
662 3544 742 3608 quos
764 3524 797 3590 vi
821 3522 990 3609 deviceris,
1015 3430 1077 3711 ἥ

717 3638 877 3712 A
