2446 3944
542 211 583 222 -
628 178 781 243 494-

162 361 239 403 nere
261 336 372 402 finitus
396 339 446 400 est
469 336 550 420 dies,
572 335 706 420 mensis,
729 359 845 420 annus,
869 336 1069 402 defectiones
1092 337 1170 403 solis

164 431 197 492 et
228 427 323 490 lunae
354 424 504 508 cognitae
535 424 781 509 praedictaeque
811 426 846 489 in
878 446 973 490 omne
1002 430 1170 510 posterum

163 518 305 599 tempus,
337 534 431 596 quae,
464 515 618 595 quantae,
645 512 772 596 quando
797 512 927 577 futurae
954 512 1030 578 sint.
1084 513 1171 590 Quae

164 606 318 667 contuens
351 600 477 664 animus
506 600 628 664 accedit
655 600 696 664 ad
723 601 943 685 cognitionem
971 601 1123 686 deorum,
1153 623 1170 666 e

165 712 228 774 qua
251 689 355 752 oritur
377 688 496 771 pictae,
523 688 574 752 cui
598 688 768 753 coniuncta
790 688 915 752 iustitia
938 692 990 753 est
1012 690 1170 774 reliquae

165 799 226 862 que
248 777 394 858 virtutes,
417 797 434 840 e
458 775 573 859 quibus
592 776 661 840 vita
678 776 776 840 beata
793 776 903 841 existit
919 798 981 860 par
1000 780 1034 841 et
1054 778 1170 842 similis

165 867 309 949 deorum,
338 864 431 928 nulla
458 863 523 927 alia
550 885 584 927 re
611 863 675 927 nisi
701 864 952 947 inmortalitate,
981 886 1067 948 quac
1089 865 1169 929 nihil

164 954 206 1019 ad
228 954 308 1017 bene
331 951 503 1018 vivendum
525 951 679 1034 pertinet,
708 952 821 1016 cedens
845 952 1052 1018 caelestibus.
1099 952 1169 1029 Qui-

164 1043 224 1106 bus
247 1041 343 1105 rebus
366 1039 492 1140 exposit
478 1039 521 1103 tis
545 1038 624 1103 satis
648 1039 793 1104 docuisse
812 1040 930 1122 videor,
952 1039 1099 1105 hominis
1117 1063 1168 1104 na·

163 1134 238 1231 tura
261 1132 382 1212 quanto
406 1127 510 1192 omnis
533 1127 671 1190 anteiret
694 1127 883 1192 animantes.
918 1126 969 1191 Ex
989 1149 1055 1211 quo
1076 1129 1167 1193 debet

164 1216 312 1302 intellegi
342 1237 400 1279 nec
431 1215 570 1315 figuram
602 1215 763 1298 situmque
790 1216 1010 1280 membrorum
1037 1238 1099 1282 nec
1124 1217 1167 1280 in·

166 1305 252 1391 genii
287 1302 468 1385 mentisque
504 1303 570 1367 vim
601 1303 703 1367 talem
735 1302 819 1367 effici
850 1304 996 1388 potuisse
1027 1303 1166 1369 fortuna.

114 1393 306 1477 arnestat,
332 1395 370 1454 ut
398 1391 591 1455 doceamt
556 1394 653 1473 atque
681 1391 852 1473 aliquando
878 1412 1028 1475 perorem
1052 1393 1166 1475 omnia,

166 1502 247 1565 quae
257 1442 368 1543 sint
358 1500 393 1542 ιιι
415 1478 477 1543 hoc
495 1478 622 1562 mundo,
646 1479 762 1562 quibus
780 1501 802 1542 ιι
802 1482 914 1543 tantur
931 1479 1094 1564 homines,
1116 1480 1166 1545 ho

165 1569 288 1633 minum
311 1588 408 1631 cansa
429 1565 517 1630 facta
539 1587 609 1630 esse
632 1570 664 1630 et
687 1569 810 1651 parata.

113 1647 155 1730 62
230 1653 424 1740 Principio
414 1676 484 1739 rpse
507 1653 644 1718 mundus
667 1654 799 1719 deorum
822 1654 1056 1738 hominumque
1075 1677 1167 1720 causa

165 1745 232 1809 fact
218 1749 270 1808 tus
294 1746 353 1827 est,
377 1764 531 1892 quaequet
542 1742 577 1806 in
599 1763 637 1807 eo
660 1746 745 1824 sunt,
768 1764 806 1806 ea
827 1744 943 1842 parata
967 1742 1009 1807 ad
1027 1742 1167 1843 fructum

165 1832 332 1896 hominum
359 1830 430 1894 et
420 1833 552 1894 mventa
579 1833 663 1893 sunt.
708 1828 769 1895 Est
754 1830 882 1894 tenim
909 1831 1049 1895 mundus
1080 1830 1167 1916 quasi

166 1918 343 1984 communis
375 1917 508 1982 deorum
540 1920 636 2001 atque
668 1917 835 1982 hominum
864 1918 977 1982 domus
1006 1922 1066 1983 ιιιι
1092 1920 1166 1984 urbs

165 2011 382 2087 utrorumque.
428 2002 496 2068 Soli
523 2005 608 2069 enim
635 2005 760 2070 ratione
787 2005 951 2070 utentes
941 2028 1012 2071 rure
1037 2029 1076 2072 ac
1099 2009 1167 2092 lege

164 2095 285 2159 vivunt
331 2091 377 2158 Ut
363 2092 507 2176 tigitur
534 2092 580 2156 At
566 2093 742 2158 tthenase
771 2092 1047 2158 Lacedaemonem
1071 2095 1166 2160 Athe

164 2181 323 2246 niensium
355 2178 742 2280 Lacedaemoniorumque
779 2203 875 2246 causa
904 2181 1089 2265 putandum
1120 2185 1167 2247 est

166 2269 274 2335 condit
276 2290 311 2332 as
342 2289 425 2351 esse,
458 2268 641 2351 omniaque,
673 2290 755 2353 quae
787 2269 892 2332 sint
883 2291 918 2332 ιιι
944 2269 996 2333 his
1024 2272 1167 2354 urbibus,

166 2379 277 2422 eorum
304 2356 499 2441 populorum
521 2359 607 2420 recte
630 2378 700 2421 esse
724 2357 884 2440 dicuntur,
912 2356 971 2440 sio,
1001 2380 1166 2441 quaecum-

167 2467 227 2530 que
259 2448 335 2508 snnt
365 2444 400 2508 in
432 2443 521 2509 omni
549 2444 684 2528 mundo,
716 2444 848 2508 deorum
875 2448 971 2527 atque
999 2445 1167 2511 hominnm

114 2553 164 2602 155
178 2532 322 2619 putanda
354 2536 438 2596 sunt.
481 2531 552 2596 Iam
582 2553 659 2596 vero
692 2531 875 2596 circumitus
905 2532 984 2596 solis
1012 2536 1047 2597 et
1076 2535 1166 2599 lunae

165 2621 425 2703 reliquorumque
455 2619 608 2703 siderum,
639 2641 833 2702 quamquam
863 2619 962 2684 etiam
993 2620 1035 2684 ad
1058 2621 1166 2686 mundi

166 2707 404 2774 cohaerentiam
421 2707 592 2791 pertinent,
614 2711 725 2771 tamen
743 2711 776 2771 et
795 2708 1014 2790 spectaculum
1032 2708 1166 2774 homini·

165 2798 226 2861 bus
260 2796 430 2895 praebent,
464 2795 556 2859 nulla
587 2799 637 2859 est
669 2795 755 2858 enim
785 2795 1004 2859 insatiabilior
1037 2799 1166 2881 specieS,

165 2885 256 2949 nulla
274 2882 440 2968 pulchrior
458 2886 491 2946 et
509 2882 619 2946 adt
567 2887 619 2947 rat
620 2883 726 2947 ionem
745 2883 988 2966 sollertiamque
1002 2890 1166 2968 praestan·

165 2973 244 3056 tior;
267 2993 378 3036 eorum
401 2970 486 3034 enim
509 2993 620 3035 cursus
644 2971 779 3034 dimetat
729 2974 792 3034 1
814 2970 969 3035 maturrt
970 2974 1021 3035 tes
1046 2977 1166 3058 tempo

165 3083 237 3124 rum
261 3064 293 3124 et
315 3058 488 3123 varietates
512 3062 603 3122 muta
584 3058 771 3141 ationesque
792 3059 1016 3144 cognovimus3
1040 3059 1167 3144 quaesi

166 3148 350 3212 hominibus
374 3146 452 3211 solis
474 3150 554 3211 nota
576 3149 660 3230 sunt,
682 3147 849 3210 hominum
871 3145 958 3211 facta
982 3169 1054 3212 esse
1074 3170 1167 3214 cansa

114 3254 165 3303 ιιι
179 3235 383 3299 iudicandum
413 3237 471 3298 est.
448 3233 615 3298 tTerra
644 3256 721 3299 vero
750 3233 817 3298 feta
783 3234 993 3319 tfrugibus
1022 3240 1056 3300 et
1079 3237 1166 3302 varic

166 3323 366 3407 leguminum
389 3343 518 3407 genere,
546 3344 627 3405 quae
650 3345 723 3387 cum
745 3345 896 3386 maxuma
919 3322 1077 3408 largitate
1100 3325 1167 3389 fun·

166 3410 222 3493 dit,
245 3433 283 3475 ea
300 3409 482 3474 ferarumne
506 3431 548 3475 an
565 3409 732 3474 hominum
750 3431 847 3474 causa
865 3410 998 3495 gignere
1017 3411 1166 3477 videtur?

71 3524 121 3704 Ι
166 3496 249 3574 Quid
272 3498 309 3562 de
332 3498 453 3563 vitibus
471 3498 668 3585 ¹olivetisque
691 3498 816 3564 dicam?
845 3520 980 3581 quarum
1003 3499 1168 3566 uberrumi
