2446 3944
461 197 702 263 -287—

78 357 148 422 bus.
181 355 267 432 Quas
282 356 311 422 si
325 357 438 440 exequi
451 358 627 442 nequirem,
644 362 756 424 tamen
773 380 825 423 me
841 342 979 424 lectulus
993 381 1083 424 meus
1205 400 1207 402 v

79 445 258 511 oblectaret
286 467 324 509 ea
349 445 422 529 ipsa
451 446 666 532 cogitantem,
694 468 775 530 quae
802 447 879 512 iam'
896 468 992 532 agere
1017 468 1083 512 non

78 555 221 618 possem3
245 533 301 597 sed
322 536 360 596 ut
381 533 513 617 possim,
535 534 615 599 facit
634 538 708 599 acta
730 535 806 599 vita.
844 533 977 620 Semper
1000 536 1084 599 enim

79 622 114 685 in
139 621 191 685 his
224 621 338 685 studiis
369 621 600 707 laboribusque
631 622 753 687 viventi
784 644 851 687 non
881 623 1085 708 intellegitur

80 709 206 792 quando
230 708 367 793 obrepat
390 713 545 774 senectus.
581 710 635 774 Ita
653 709 773 774 sensim
791 710 860 774 sine
880 732 975 775 sensu
994 715 1084 775 aetas

80 796 218 861 senescit
244 819 302 862 nec
329 797 438 862 subito
461 796 637 883 frangitur,
667 798 723 862 sed
747 798 959 863 diuturnitate
983 799 1085 862 extin-

80 888 297 1055 glutdldquitur
323 972 422 1037 tertia
449 972 645 1056 vituperatio
674 973 861 1057 senectutis,
895 974 981 1057 quod
1013 996 1083 1038 eam
1095 945 1137 1071 13}

80 1081 188 1124 carere
208 1060 317 1125 dicunt
334 1061 567 1145 voluptatibus.
605 1059 631 1124 Ο
650 1061 853 1146 praeclarum
866 1083 982 1125 munus
998 1065 1083 1126 aeta-

80 1148 137 1231 tis,
165 1147 322 1230 siquidem
349 1148 382 1212 id
411 1147 516 1212 aufert
543 1170 563 1212 a
588 1150 710 1234 nobis,
726 1148 811 1232 quod
839 1153 888 1213 est
915 1149 950 1212 in
977 1149 1084 1213 adule-

80 1235 203 1300 scentia
230 1235 488 1300 vitiosissimum!
533 1234 679 1320 Accipite
707 1237 805 1319 enim,
835 1236 951 1321 optimi
979 1236 1084 1301 adule

80 1326 215 1407 scentes,
237 1327 379 1388 veterem
403 1323 582 1388 orationem
595 1323 760 1407 Archytae
774 1324 950 1407 Tarentini,
974 1323 1085 1410 magni

80 1411 115 1474 in
136 1411 249 1495 primis
270 1414 303 1475 et
319 1412 479 1495 praeclari
497 1411 567 1495 viri,
591 1433 672 1494 quae
691 1411 772 1476 mihi
790 1413 912 1476 tradita
930 1416 989 1495 est,
1012 1433 1085 1476 cum

81 1519 184 1563 essem
216 1500 402 1564 adulescens
430 1499 563 1563 Tarenti
592 1521 664 1564 cum
692 1498 728 1575 Q.
755 1498 905 1565 Maximo.
949 1499 1084 1564 Nullam

81 1587 304 1670 capitaliorem
326 1591 453 1672 pestem
476 1609 573 1670 quam
595 1588 797 1672 voluptatem
821 1587 965 1672 corporis
982 1587 1085 1652 homi·
1112 1669 1114 1674 ,

79 1675 175 1739 nibus
199 1675 326 1739 dicebat
349 1698 368 1739 a
385 1678 503 1739 natura
524 1675 642 1759 datam,
666 1675 755 1762 cuius
773 1675 952 1760 voluptatis
972 1675 1084 1740 avidae

80 1762 230 1826 libidines
252 1766 372 1827 temere
400 1766 433 1827 et
456 1762 616 1827 ecfrenate
639 1762 679 1827 ad
704 1763 892 1847 potiendum
914 1763 1085 1827 incitaren-

80 1854 142 1915 tur.
178 1849 262 1915 Hinc
284 1851 410 1936 patriae
432 1851 640 1934 proditiones,
662 1850 739 1915 hine
756 1851 1085 1936 rerumpublicarum
1103 1867 1138 1917 40

81 1938 276 2021 eversiones,
308 1938 383 2003 hinc
415 1960 488 2003 cum
517 1938 667 2003 hostibus
696 1939 896 2004 clandestina
923 1939 1085 2023 colloquia

50 2102 52 2105 ¹
79 2026 183 2110 nasci,
209 2026 336 2090 nullum
359 2026 494 2109 denique
517 2028 634 2111 scelus,
660 2027 788 2091 nullum
815 2028 937 2093 malum
960 2026 1084 2091 facinus

82 2135 168 2196 esse,
195 2115 235 2178 ed
259 2114 344 2197 quod
366 2115 602 2199 suscipiendum
626 2137 691 2179 non
713 2115 813 2180 libido
837 2115 1016 2199 voluptatis
1039 2115 1085 2178 in-

80 2201 228 2287 pelleret,
256 2205 370 2286 stupra
391 2224 467 2267 vero
491 2206 524 2267 et
547 2202 705 2267 adulteria
728 2207 761 2268 et
783 2225 876 2268 omne
898 2204 966 2268 talc
992 2202 1085 2288 flagi·

80 2290 164 2353 tium
194 2290 293 2354 nullis
327 2289 460 2354 excitari
492 2291 564 2354 aliis
596 2291 766 2356 inlecebris
797 2291 861 2355 nisi
892 2290 1085 2375 voluptatis3

81 2399 217 2460 cumque
235 2377 359 2442 homini
378 2378 444 2442 sive
463 2383 580 2442 natura
598 2379 665 2442 sive
689 2379 761 2462 quis
780 2379 857 2443 deus
875 2378 958 2443 nihil
978 2382 1085 2442 mente

81 2465 310 2550 praestabilius
331 2465 479 2549 dedisset,
497 2465 572 2530 huic
591 2466 699 2531 divino
713 2467 839 2530 muneri
854 2488 890 2531 ac
905 2467 988 2530 dono
1002 2465 1085 2529 nihil

81 2557 151 2617 tam
174 2574 244 2616 esse
266 2552 432 2617 inimicum
455 2575 552 2636 quarn
573 2554 789 2637 voluptatem3
815 2574 874 2619 neo
902 2554 987 2618 enim
1014 2553 1085 2616 libi·
1104 2567 1137 2616 41

82 2641 155 2705 dine
184 2641 368 2705 dominante
395 2641 629 2725 temperantiae
651 2641 758 2704 locum
782 2661 865 2723 esse,
893 2661 997 2723 neque
1020 2661 1086 2703 orn-

80 2729 158 2792 nino
190 2729 225 2793 in
255 2729 434 2812 voluptatis
466 2749 565 2813 regno
597 2727 752 2792 virtutem
778 2749 874 2811 posse
901 2727 1086 2792 consistere.

82 2816 175 2891 Quod
199 2839 261 2899 quo
284 2817 390 2901 magis
412 2815 560 2900 intellegi
582 2818 702 2901 posset,
724 2814 846 2900 fingere
869 2814 976 2878 animo
999 2813 1086 2877 iube-

82 2905 141 2968 bat
159 2907 252 2968 tanta
267 2905 438 2969 incitatum
454 2904 595 2987 aliquem
609 2903 778 2988 voluptate
793 2901 946 2986 corporis,
965 2903 1088 2984 quanta

82 2991 205 3077 percipi
227 2996 339 3077 posset
361 2992 516 3075 maxima3
538 2990 660 3055 nemini
682 2991 833 3055 censebat
855 2988 924 3053 fore
946 2988 1086 3072 dubium,

83 3080 252 3163 quintam
276 3080 338 3164 diu,
363 3081 439 3144 dum
461 3079 509 3143 ita
532 3079 695 3162 gauderet,
717 3078 799 3142 nihil
823 3077 948 3162 agitare
970 3079 1087 3160 mente,

81 3167 165 3231 nihil
188 3169 323 3252 ratione,
345 3168 427 3231 nihil
451 3167 648 3252 cogitatione
674 3164 826 3248 consequi
848 3168 968 3249 posset.
1004 3162 1088 3239 Quo·

83 3256 168 3320 circa
198 3256 280 3320 nihil
313 3277 382 3320 esse
414 3259 484 3320 tam
515 3253 707 3319 detestabile
738 3257 870 3335 tamque
897 3220 1160 3695 postlla?

84 3365 182 3426 quam
199 3345 410 3429 voluptatem,
430 3342 587 3426 siquidem
606 3349 652 3421 ea,
671 3363 743 3407 cum
762 3340 866 3405 maior
886 3345 971 3405 esset
990 3345 1089 3423 atque

82 3430 300 3515 longinquior,
319 3453 413 3496 omne
428 3430 527 3496 animi
540 3431 649 3494 lumen
664 3429 875 3515 extingueret.
907 3427 996 3494 Haec
1014 3450 1031 3493 c

82 3517 118 3583 Ο.
136 3517 254 3583 Pontio
273 3517 427 3603 Samnite,
449 3522 542 3603 patre
565 3517 643 3601 eius,
657 3538 686 3581 a
708 3538 771 3601 quo
795 3514 939 3581 Caudino
962 3514 1068 3602 proeli
