2446 3944
446 199 687 264 -507-

60 383 132 426 esse
150 360 262 443 filium,
281 382 354 425 cum
371 359 407 422 in
424 358 573 424 omnibus
591 357 676 424 fanis
695 362 789 444 pater
806 358 950 425 inberbis
970 362 1064 424 esset.

61 449 172 513 Etiam
201 469 328 512 mensas
357 449 527 533 argenteas
556 445 601 511 de'
621 447 770 511 omnibus
799 446 941 512 delubris
968 447 1064 511 iussit
1082 461 1118 512 84

61 534 190 619 auferri,
212 535 247 598 in
269 536 386 619 quibus
409 556 482 600 cnm
504 555 594 598 more
616 534 735 599 ueteris
755 534 908 600 Graeciae
930 535 1064 619 inscrip-

23 651 26 658 .
59 628 133 688 tum
159 626 245 687 esset
266 640 435 688 nouorum
456 639 616 704 uuonan,
642 621 692 686 uti
718 643 753 687 se
780 641 891 688 eorum
917 622 1064 687 bonitate

61 712 146 775 velle
169 711 302 776 dicebat.
338 710 429 774 Idem
451 709 647 774 Victoriolas
670 730 784 776 aureas
808 713 840 774 et
862 712 992 794 pateras
1015 731 1065 775 co·

61 820 229 882 renesque,
253 819 334 882 quae
357 798 602 862 simulacrorum
626 797 783 881 porrectis
802 797 951 862 manibus
971 797 1065 862 susti-

61 886 232 970 nebantur,
255 886 323 950 sine
346 885 547 950 dubitatione
569 885 708 950 tollebat
731 906 832 968 eaque
855 906 889 948 se
912 885 1065 969 accipere,

60 996 128 1038 non
155 973 281 1038 auferre
309 973 447 1057 dicebat3
480 994 550 1037 esse
577 973 663 1037 enim
690 972 878 1056 stultitiam,
905 973 1064 1055 aquibus

62 1062 149 1125 bona
179 1083 395 1146 precaremur,
430 1061 471 1125 ab
502 1061 543 1125 iis
575 1060 816 1145 porrigentibus
848 1062 881 1124 et
913 1060 1064 1124 dantibus

60 1150 150 1214 nolle
169 1171 303 1214 sumere.
338 1148 547 1233 Eundemque
565 1148 675 1212 fenmt
692 1148 780 1231 haec,
799 1169 881 1232 quae
900 1147 974 1230 dixi,
993 1148 1065 1211 sub·

61 1238 132 1302 lata
158 1236 196 1302 de
223 1237 308 1302 fanis
336 1235 503 1301 inferum
530 1237 706 1321 protulisse
735 1238 768 1300 et
794 1257 852 1320 per
873 1256 1065 1319 praeconem

60 1325 243 1389 vendidisse
266 1327 440 1407 exactaque
463 1323 598 1409 pecunia
620 1323 769 1406 edixisse,
795 1327 846 1407 ut,
873 1323 959 1407 quod
981 1323 1066 1407 quis·

62 1434 124 1504 que
154 1433 174 1476 a
201 1412 300 1476 sacris
327 1411 475 1493 haberet,
504 1411 539 1474 id
566 1414 640 1475 ante
664 1410 748 1474 diem
771 1414 893 1476 certam
914 1410 950 1474 in
971 1433 1065 1475 suum

63 1499 203 1582 quidque
226 1499 337 1563 fanum
357 1498 500 1562 referret.
536 1497 588 1562 Ita
606 1499 647 1562 ad
665 1498 867 1582 impietatem
884 1498 920 1562 in
938 1498 1012 1563 deos
1031 1499 1066 1563 in

63 1587 210 1651 homines
229 1585 374 1651 adiunxit
393 1585 553 1650 iniuriam.
588 1584 684 1652 Hunc
701 1586 803 1671 igitur
819 1607 878 1651 nec
895 1585 1065 1671 Olympius
1075 1590 1118 1656 35

63 1674 210 1759 Iuppiter
227 1673 363 1738 fulmine
380 1673 540 1758 percussit
556 1695 615 1738 nec
630 1672 844 1758 Aesculapius
862 1674 980 1739 misero
1000 1675 1066 1739 diu-

62 1766 223 1846 turnoque
245 1761 359 1826 morbo
382 1762 602 1826 tabescentem
624 1762 801 1844 interemit,
829 1765 926 1845 atque
949 1762 985 1826 in
1006 1784 1065 1828 suo

63 1851 182 1915 lectulo
197 1853 343 1914 mortuus
357 1849 595 1935 in†typanidis
605 1871 722 1935 rogum
730 1850 851 1914 inlatus
863 1853 921 1933 est,
931 1871 1066 1934 eamque

63 1941 269 2023 potestatem,
292 1959 389 2021 quam
410 1937 480 2022 ipse
501 1958 560 2021 per
584 1938 687 2002 scelus
711 1940 780 2001 erat
801 1941 948 2020 nanctus,
973 1938 1066 2023 quasi

63 2026 184 2091 iustam
202 2030 235 2090 et
253 2026 434 2111 legitimam
451 2025 642 2090 hereditatis
660 2025 731 2090 loco
750 2024 818 2089 filio
837 2025 979 2090 tradidit.
1015 2025 1065 2091 In-
1084 2039 1117 2090 85

62 2114 131 2179 vita
149 2114 185 2178 in
201 2114 263 2179 hoc
281 2115 352 2179 loco
373 2117 521 2179 versatur
540 2113 658 2196 orati03
680 2112 808 2178 videtur
826 2114 911 2178 enim
930 2115 1066 2179 auctori-

62 2206 166 2267 tatem
193 2202 317 2267 adferre
344 2201 509 2286 peccandi3
536 2204 623 2266 recte
649 2201 825 2285 videretur,
853 2201 918 2266 nisi
946 2205 978 2266 et
1004 2203 1066 2266 vir-

63 2290 144 2354 tutis
169 2294 201 2355 et
223 2290 377 2356 vitiorum
400 2289 469 2354 sine
489 2289 557 2354 ulla
576 2289 684 2354 divina
701 2289 828 2354 ratione
847 2310 946 2374 grave
963 2290 1065 2374 ipsius

63 2377 277 2442 conscientiae
304 2377 430 2461 pondus
453 2380 552 2459 esset,
582 2398 645 2459 qua
669 2376 798 2440 sublata
819 2376 926 2440 iacent
949 2377 1065 2441 omnia.

64 2463 111 2528 Ut
130 2464 215 2527 enim
232 2485 291 2528 nec
309 2465 422 2529 domus
440 2486 499 2528 nec
517 2484 568 2528 res
586 2463 717 2548 publica
731 2463 857 2527 ratione
875 2463 1015 2547 quadam
1033 2467 1066 2528 et

65 2551 235 2635 disciplina
258 2551 438 2635 dissignata
459 2550 615 2634 videatur,
640 2550 720 2614 siin
738 2571 851 2615 caneo
869 2553 956 2615 recte
969 2549 1065 2616 factis

63 2638 208 2724 praemia
230 2640 340 2702 extent
361 2638 430 2702 ulla
451 2659 511 2702 nec
533 2637 692 2721 supplicia
714 2637 864 2721 peccatis,
887 2637 933 2703 sio
955 2639 1067 2703 mundi

64 2720 173 2791 divina
201 2725 248 2806 [in
269 2725 429 2806 homines]
459 2724 638 2790 moderatio
665 2724 811 2809 profecto
833 2725 925 2789 nulla
947 2729 1010 2809 est,
1037 2725 1066 2789 si

64 2815 99 2879 in
122 2836 159 2879 ea
181 2813 352 2880 discrimen
373 2814 500 2877 nullum
523 2815 573 2876 est
594 2813 753 2877 bonorum
777 2815 810 2876 et
832 2813 1001 2876 malorum.

131 2901 178 2966 At
205 2902 290 2966 enim
316 2901 442 2965 minora
469 2901 501 2964 di
528 2900 706 2986 neglegrmt
728 2921 831 2984 neque
854 2901 979 2986 agellos
1003 2901 1066 2965 sin-
1085 2912 1118 2961 86

64 2990 214 3076 gulorum
236 3011 296 3054 nec
317 2988 467 3054 viticulas
489 2991 724 3073 persequuntur
745 3009 813 3071 neo,
836 2988 865 3052 si
887 2988 985 3052 uredo
1010 2993 1067 3053 aut

65 3078 187 3179 grando
207 3077 373 3178 quippiam
390 3076 509 3160 nocuit,
526 3076 560 3140 id
573 3074 645 3140 Iovi
658 3075 978 3140 animadvertendum
990 3074 1067 3160 fuit3

63 3187 104 3230 ne
126 3188 162 3230 m
183 3186 292 3250 regms
315 3164 444 3249 quidem
465 3184 559 3249 reges
582 3163 691 3229 omnia
713 3164 847 3229 minima
869 3167 997 3248 curant3
1020 3163 1082 3251 sio·

65 3253 150 3318 enim
180 3253 295 3317 dicitis.
342 3251 442 3328 Quasi
471 3273 531 3337 ego
561 3252 659 3336 paulo
689 3255 764 3316 ante
794 3251 833 3315 de
861 3250 961 3316 frmdo
990 3249 1037 3317 Ilo

66 3342 173 3407 miano
196 3340 231 3405 P.
253 3339 371 3405 Rutilii
399 3340 460 3404 sim
487 3343 633 3424 questus,
657 3360 725 3404 non
748 3339 786 3403 de
809 3339 930 3404 amissa
952 3340 1024 3406 salu

64 3429 173 3514 Atque
195 3428 258 3494 hoc
281 3428 409 3512 quidem
432 3449 542 3492 omnes
565 3427 720 3492 mortales
744 3427 789 3492 sio
811 3426 983 3512 habente

63 3539 123 3583 nas
147 3517 406 3602 commoditates,
428 3515 550 3602 vineta,
573 3518 709 3602 segetes,
731 3514 862 3602 oliveta,
883 3514 927 3581 ub
