2446 3944
526 189 767 254 —372—

142 355 257 440 igitur,
289 354 318 418 si
349 356 419 418 tum
447 357 533 418 esset
564 355 737 437 extinctus,
766 376 786 418 a
812 352 907 418 bonis
933 353 1030 418 rebus
1058 375 1104 418 an
1135 377 1157 419 a

142 441 237 507 malis
260 441 481 506 discessisset?
526 439 621 506 Certe
644 464 664 505 a
685 441 821 506 miseris.
865 439 942 506 Non
967 441 1053 505 enim
1078 463 1156 506 cum

143 551 253 595 socero
285 529 407 593 bellum
435 529 603 613 gessisset,
630 551 697 594 non
725 530 895 612 inparatus
924 551 1015 592 arma
1042 551 1155 614 sump-

143 617 253 700 sisset,
275 638 341 681 non
365 617 495 681 domum
518 617 714 702 reliquisset,
737 638 805 682 non
827 638 866 682 cx
887 615 986 680 Italia
1003 616 1155 701 fugisset,

141 726 208 770 non
239 705 380 769 exercitu
413 705 532 770 amisso
562 705 666 769 nudus
698 705 734 769 in
764 726 930 769 servorum
963 703 1088 769 ferrum
1120 709 1155 771 et

142 814 256 856 manus
283 792 451 856 incidisset
480 795 505 875 [,
532 815 598 857 non
624 792 719 857 liberi
751 793 872 875 defleti,
903 813 969 857 non
1000 791 1153 858 fortunae

143 901 254 945 omnes
282 902 302 944 a
329 880 506 945 victoribus
533 879 796 964 possiderentur].
846 879 924 963 Qui,
952 880 981 944 si
1010 885 1154 946 mortem

142 971 213 1032 tum
244 968 378 1052 obisset,
410 968 445 1032 in
477 967 687 1051 amplissimis
723 967 863 1032 fortunis
903 968 1086 1047 occidisset,
1123 969 1153 1033 is

143 1057 377 1140 propagatione
404 1056 491 1119 vitae
519 1057 609 1138 quot,
641 1057 793 1138 quantas,
825 1077 921 1140 quam
953 1055 1153 1121 incredibilis

35 1141 253 1207 x---ssbbausit
275 1144 487 1209 calamitates!
532 1141 621 1207 Haec
649 1145 752 1206 morte
780 1143 990 1228 effugiuntur,
1016 1145 1153 1208 'etiamsi

141 1252 207 1296 non
231 1234 417 1314 evenerunt,
440 1235 562 1314 tamen,
586 1230 661 1315 quia
683 1234 821 1313 possunt
843 1231 984 1314 evenire3
1014 1231 1071 1296 scd
1094 1232 1154 1297 ho·

142 1319 245 1382 mines
273 1340 312 1383 ea
339 1318 403 1383 sibi
430 1318 572 1383 accidere
599 1338 694 1401 posse
721 1338 788 1382 non
819 1319 973 1402 cogitant.
1027 1318 1153 1385 Metelli

143 1408 252 1490 sperat
270 1406 333 1471 sibi
351 1406 486 1490 quisque
504 1406 680 1489 fortunam,
702 1405 836 1488 proinde
855 1406 947 1490 quasi
965 1409 1023 1471 aut
1040 1407 1153 1491 plures

142 1493 301 1559 fortunati
327 1495 393 1558 sint
420 1516 517 1578 quam
544 1493 688 1558 infelices
716 1496 773 1557 aut
800 1495 881 1558 certi
907 1494 1081 1577 quicquam
1109 1496 1154 1560 sit

143 1582 179 1646 in
207 1582 302 1646 rebus
331 1581 480 1646 humanis
511 1584 567 1646 aut
598 1602 727 1665 sperare
757 1581 801 1644 sit
829 1581 1021 1664 prudentius
1052 1604 1153 1666 quam

143 1669 267 1735 timere.

91 1770 124 1821 8⁷
210 1755 272 1821 Sed
299 1756 362 1820 hoo
388 1757 494 1839 ipsum
522 1757 726 1834 concedatur,
755 1756 849 1820 bonis
877 1757 972 1821 rebus
1001 1756 1152 1824 homines

144 1848 247 1908 morte
269 1844 403 1928 privari3
434 1864 510 1928 ergo
533 1845 631 1908 etiam
655 1865 762 1908 carere
785 1847 931 1908 mortuos
954 1844 1041 1908 vitae
1065 1867 1152 1911 com-

144 1930 261 2009 modis,
283 1930 378 2014 idque
401 1952 471 1995 esse
494 1932 669 1995 miserum?
706 1930 800 1996 Certe
822 1931 870 1995 ita
887 1931 997 1995 dicant
1018 1953 1153 1998 necesse

144 2021 203 2082 est.
237 2018 290 2081 An
308 2021 417 2102 potest
433 2020 476 2103 is,
497 2019 552 2102 qui
570 2040 636 2084 non
655 2021 717 2102 est,
735 2041 771 2084 re
789 2019 856 2083 ulla
874 2019 1005 2083 carere?
1043 2019 1152 2086 Triste

144 2107 230 2170 enirn
257 2108 307 2170 est
334 2127 452 2170 nomen
479 2107 585 2189 ipsum
613 2106 754 2190 carendi,
773 2106 857 2191 ¹quia
886 2107 1044 2172 subicitur
1070 2107 1152 2174 haec

144 2193 208 2258 vis:
234 2193 362 2276 habuit,
389 2215 455 2258 non
485 2193 599 2274 habet,
632 2194 805 2278 desiderat,
837 2195 985 2278 requirit,
1016 2196 1152 2281 indiget.

144 2280 245 2364 Haeo,
269 2281 396 2364 opinor,
419 2282 622 2346 incommoda
640 2287 716 2346 sunt
733 2282 882 2346 carentis.
919 2281 1016 2347 Caret
1039 2284 1153 2367 oculis,

145 2367 257 2434 odiosa
283 2369 433 2455 caecitas3
461 2369 585 2453 liberis,
613 2370 743 2434 orbitas.
792 2368 892 2433 Valet
917 2369 1037 2433 hocin
1060 2372 1152 2455 vivis,

144 2459 343 2520 mortuorum
367 2460 475 2520 autem
497 2479 564 2521 non
586 2458 681 2523 modo
704 2458 791 2522 ritae
814 2456 1006 2540 commodis,
1032 2457 1152 2523 sedne

144 2542 213 2608 rita
236 2544 364 2629 quidem
385 2545 457 2628 ipsa
476 2545 645 2629 quisquam
664 2548 761 2609 caret.
797 2544 845 2608 De
869 2544 1003 2609 mortuis
1027 2545 1153 2630 loquor,

145 2631 202 2716 qui
232 2632 314 2696 nulli
346 2637 436 2717 sunt3
467 2628 541 2717 nos,
574 2633 629 2716 qui
656 2654 779 2714 sumus,
811 2654 890 2704 num
918 2636 974 2696 aut
1001 2635 1152 2699 cornibus

145 2741 291 2784 caremus
315 2723 371 2784 aut
392 2721 522 2804 pinnis?
551 2721 658 2804 ecquis
685 2720 718 2783 id
742 2720 881 2784 dixerit?
931 2718 1025 2785 (lerte
1047 2742 1151 2785 nemo.

146 2806 230 2883 Quid
254 2807 322 2871 ita?
372 2807 467 2891 Quia,
494 2830 566 2872 oum
592 2809 625 2872 id
647 2830 714 2873 uon
735 2807 872 2891 habeas,
899 2807 984 2891 quod
1008 2808 1072 2872 tibi
1094 2830 1153 2874 nec

145 2917 206 2960 usu
225 2917 283 2960 neo
301 2899 418 2959 natura
437 2897 479 2960 sit
498 2900 622 2980 aptum,
644 2918 709 2960 non
729 2917 853 2976 careas,
877 2895 1006 2960 etiamsi
1029 2896 1151 2961 sentias

94 2997 128 3046 88
146 2987 179 3047 te
205 3006 272 3048 non
298 2983 426 3047 habere.
474 2983 546 3048 Hoc
572 2984 779 3067 premendum
809 2983 908 3046 etiam
934 2987 1030 3067 atque
1054 2985 1153 3049 etiam

146 3074 197 3136 est
220 3075 446 3156 argumentum
469 3072 659 3136 confirmato
682 3071 753 3154 illo,
775 3071 814 3134 de
837 3093 914 3155 quo,
945 3071 973 3134 si
997 3071 1153 3136 mortales

147 3159 245 3223 animi
269 3162 356 3243 sunt,
385 3157 531 3223 dubitare
557 3181 625 3224 non
651 3180 835 3241 possumus,
862 3159 941 3243 quin
969 3160 1081 3223 tantus
1104 3159 1152 3223 in-

146 3246 262 3309 teritus
289 3247 324 3309 in
351 3251 454 3310 morte
482 3247 539 3330 sit,
564 3250 601 3311 ut
627 3267 667 3309 ne
694 3246 829 3310 minima
856 3245 984 3330 quidem
1011 3247 1152 3329 suspicio

147 3353 258 3396 sensus
282 3334 492 3418 relinquatur3
520 3335 582 3399 hoc
607 3334 710 3417 igitur
737 3334 838 3418 probe
862 3334 1008 3399 stabilito
1031 3337 1065 3398 et
1087 3335 1152 3398 fixo

146 3418 226 3483 illud
249 3421 472 3486 excutiendum
495 3425 559 3505 est,
580 3425 618 3486 ut
641 3422 773 3506 sciatur,
801 3421 878 3506 quid
901 3421 945 3485 sit
966 3442 1090 3505 carere,
1112 3443 1153 3485 ne

146 3506 346 3591 relinquatur
373 3509 496 3593 aliquid
523 3510 639 3575 erroris
666 3509 702 3573 in
728 3510 835 3574 verbo.
889 3505 1028 3573 Carere
1051 3509 1154 3594 igitur
