2446 3944
542 186 781 251 -498-

150 367 223 409 rum
250 345 412 410 neminem
437 344 504 408 nisi
530 345 663 410 iuvante
690 345 750 410 deo
777 345 878 409 talem
905 343 1008 409 fuisse
1039 343 1171 409 creden-

97 449 150 499 166
168 434 245 497 dum
273 437 331 498 est.
376 431 465 509 Quae
492 433 577 498 ratio
606 436 720 516 poetas
748 454 963 516 maxumeque
986 431 1169 498 Homerum

150 521 284 606 inpulit,
308 526 345 585 ut
367 521 567 606 principibus
589 521 740 605 heroum,
762 521 865 605 Ulixi,
893 521 1061 605 Diomedi,
1085 523 1171 606 Aga-

151 610 326 693 memnoni,
350 608 485 691 Achilli,
513 616 619 675 certos
644 611 721 675 deos
745 610 967 674 discriminum
990 613 1025 675 et
1049 611 1171 694 pericu-

150 699 257 764 lorum
278 699 414 764 comites
433 698 632 782 adiungeret.
677 699 851 764 Praeterea
868 699 1013 782 ipsorum
1035 699 1171 763 deorum

150 808 248 870 saepe
269 789 486 871 praesentiae,
517 788 628 870 quales
652 810 749 871 supra
773 788 1041 872 commemoravi,
1069 788 1170 852 decla·

150 880 225 940 rant
248 876 289 940 ab
312 876 353 940 iis
377 881 410 940 et
438 876 623 940 civitatibus
652 879 685 940 et
712 876 852 959 singulis
880 876 1071 941 hominibus
1096 898 1169 940 oon·

151 965 227 1051 suli3
257 965 344 1048 quod
368 964 497 1048 quidem
519 964 725 1049 intellegitur
753 966 851 1029 etiam
876 964 1169 1048 significationibus

150 1075 257 1117 rerum
281 1052 478 1137 futurarum,
509 1075 590 1137 quae
617 1056 689 1118 tum
713 1054 963 1136 dormientibus,
992 1058 1066 1118 tum
1089 1052 1169 1138 vigi·

151 1143 296 1207 lantibus
315 1142 563 1226 portenduntur.
591 1141 698 1207 Multa
712 1147 880 1227 praeterea
895 1141 1044 1220 ostentis,
1065 1143 1167 1206 multa

152 1232 235 1295 extis
259 1231 470 1296 admonemur
492 1230 668 1314 multisque
695 1232 791 1296 rebus
820 1231 908 1315 aliie,
936 1252 1018 1314 quas
1047 1231 1167 1294 diutur-

150 1342 211 1384 nus
235 1342 312 1384 usus
339 1319 387 1383 ita
413 1320 554 1403 notavit,
582 1325 621 1385 ut
647 1323 749 1386 artem
778 1319 989 1385 divinationis
1017 1319 1168 1383 efficeret.

98 1423 149 1473 167
168 1407 274 1474 Nemo
297 1409 398 1492 igitur
427 1409 477 1474 vir
504 1429 640 1493 magnus
668 1408 738 1472 sine
767 1409 874 1492 aliquo
903 1407 1026 1471 adflatu
1060 1407 1167 1473 divino

150 1519 304 1581 umquam
331 1497 403 1562 fuit.
452 1496 522 1562 Nec
548 1518 625 1562 vero
652 1498 687 1562 id
712 1496 761 1561 ita
788 1494 1000 1560 refellendum
1030 1500 1096 1579 est,
1124 1501 1167 1578 ut,

151 1586 180 1650 si
200 1586 364 1670 segetibus
389 1590 447 1650 aut
468 1585 587 1650 vinetis
607 1585 785 1666 cuiuspiam
809 1588 988 1669 tempestas
1009 1585 1168 1668 nocuerit,

151 1680 208 1740 aut
232 1675 260 1739 si
288 1674 365 1759 quid
388 1697 405 1738 e
428 1675 518 1740 vitae
544 1672 723 1739 commodis
747 1695 841 1738 casus
869 1672 1061 1756 abstulerit,
1089 1695 1168 1756 eum,
1206 1693 1215 1707 ·

150 1764 203 1828 cui
231 1764 306 1846 quid
333 1762 449 1827 horum
479 1763 645 1847 acciderit,
678 1767 736 1827 aut
761 1762 903 1828 invisum
936 1760 996 1826 deo
1031 1767 1090 1826 aut
1118 1782 1168 1826 ne-

150 1852 337 1938 glectuma
366 1851 424 1915 deo
453 1851 639 1916 iudicemus.
685 1851 808 1936 Magna
839 1850 871 1914 di
903 1853 1035 1934 curant,
1069 1872 1168 1934 parva

125 1940 336 2025 neglegunt.
373 1939 502 2025 Magnis
527 1945 635 2005 autem
658 1940 738 2004 viris
756 1961 931 2023 prosperae
950 1959 1083 2022 semper
1104 1960 1167 2004 om·

150 2050 209 2092 nes
232 2051 294 2111 res,
318 2028 477 2111 siquidem
501 2029 581 2093 satis
605 2051 624 2093 a
647 2029 769 2093 nostris
793 2034 826 2092 et
849 2051 868 2092 a
890 2027 1039 2111 principe
1064 2027 1168 2111 philo-

151 2117 288 2200 sophiae
312 2115 444 2182 Socrate
468 2117 591 2182 dictum
614 2121 664 2182 est
686 2116 726 2181 de
751 2117 954 2181 ubertatibus
978 2116 1115 2182 virtutis
1138 2119 1169 2181 et

151 2227 262 2288 oopus.
