2446 3944
526 236 566 247 -
613 201 765 266 374-

142 357 311 439 interessa‚
341 377 401 420 neo
432 355 536 438 pluris
567 376 653 420 nuno
683 354 790 420 facere
816 352 859 419 M.
887 352 1060 420 Camillum
1090 353 1157 421 hoo

143 444 236 509 uirile
269 443 404 526 bellum,
437 465 533 526 quam
562 463 622 527 ego
653 442 712 507 illo
743 443 818 508 vivo
850 442 980 507 fecerim
1010 440 1156 509 Romam

142 534 303 684 llll„
317 528 1157 704 ppqffiragnpppugnpgppvgnprpffi

143 709 176 771 et
203 726 263 791 ego
290 706 431 790 doleam,
458 706 554 771 eiad
581 706 691 770 decem
718 706 810 771 milia
836 727 993 770 annorum
1020 710 1155 790 gentem

144 794 285 877 aliquam
311 793 391 858 urbe
417 797 530 859 nostra
556 793 733 877 potituram
759 794 893 877 putem?
942 793 1026 870 Quia
1058 797 1155 858 tanta

144 883 261 947 caritas
292 881 417 965 patriae
449 885 511 964 est,
542 884 579 946 ut
610 903 682 946 eam
712 903 779 946 non
810 903 907 946 sensu
938 885 1064 964 nostro,
1095 882 1154 946 sed

90 933 133 1059 318
143 969 248 1035 salute
265 968 368 1052 ipsius
387 970 567 1035 metiamur.
597 967 711 1052 Itaque
726 991 793 1033 non
812 969 953 1033 deterret
970 969 1154 1051 sapientem

143 1079 244 1135 mors,
276 1077 356 1140 quae
389 1060 521 1140 propter
548 1057 687 1121 incertos
717 1078 809 1121 casus
841 1056 960 1122 cotidie
990 1056 1154 1141 imminet,

142 1147 276 1231 propter
304 1145 495 1210 brevitatem
521 1145 607 1210 vitae
633 1166 809 1227 numquam
836 1146 946 1227 potest
970 1144 1069 1229 longe
1095 1145 1152 1211 ab·

143 1253 227 1316 esse,
249 1232 439 1316 quominus
463 1232 499 1296 in
517 1253 612 1297 omne
634 1235 762 1315 tempus
781 1232 827 1296 rei
850 1232 999 1315 publicae
1018 1232 1152 1317 suisque

143 1320 292 1386 consulat
314 1323 371 1384 aut
392 1321 615 1403 posteritatem
637 1319 755 1403 ipsam,
783 1319 873 1384 ouius
901 1341 1031 1385 sensum
1058 1321 1153 1386 habi·

143 1412 235 1472 turus
266 1428 332 1472 non
363 1407 420 1492 sit,
453 1407 494 1471 ad
525 1429 559 1472 se
590 1410 683 1490 putet
713 1407 884 1490 pertinere.
938 1407 1043 1484 Quare
1074 1409 1153 1474 lieet

143 1495 242 1561 etiam
264 1495 435 1560 mortalem
458 1517 528 1560 esse
550 1495 694 1560 animum
717 1495 913 1560 indicantem
933 1500 1065 1560 aeterna
1083 1519 1151 1564 mo-

142 1584 209 1665 liri,
236 1604 304 1648 non
331 1583 454 1667 gloriae
482 1582 671 1667 eupiditate,
700 1605 797 1668 quam
825 1603 975 1648 sensurus
1002 1606 1070 1649 non
1097 1586 1151 1668 sit,

143 1671 200 1738 sed
226 1671 369 1754 virtutis,
401 1693 497 1755 quam
526 1671 710 1736 necessario
738 1671 856 1755 gloria,
888 1671 1016 1735 etiamsi
1046 1676 1085 1737 tn
1116 1673 1151 1738 id

142 1781 209 1824 non
232 1778 325 1842 agas,
347 1761 569 1842 consequatur.

208 1843 335 1911 Natura
352 1867 429 1911 vero
446 1847 475 1910 si
493 1867 527 1910 se
546 1846 593 1909 sio
610 1846 722 1930 habet,
744 1848 793 1929 ut,
817 1868 880 1931 qno
898 1847 993 1912 modo
1017 1847 1150 1915 initium

142 1932 237 1998 nobis
260 1953 367 1996 rerum
390 1933 535 1997 omnium
558 1936 648 1998 ortus
666 1936 776 1998 noster
795 1934 932 2018 adferat,
956 1935 1001 1999 sio
1025 1936 1150 2002 exitum

143 2041 243 2099 mors,
265 2022 302 2084 ut
324 2019 407 2085 nihil
429 2020 586 2104 pertinuit
608 2020 649 2085 ad
671 2041 730 2086 nos
754 2025 828 2086 ante
852 2027 970 2106 ortum,
996 2023 1043 2087 sio
1065 2024 1150 2089 nihil

142 2110 218 2193 post
249 2112 386 2173 mortem
417 2108 601 2190 pertinebit.
658 2107 698 2172 In
729 2130 792 2193 quo
829 2109 907 2193 quid
938 2113 1046 2193 potest
1079 2133 1150 2176 esse

139 2196 234 2279 mali,
258 2217 330 2261 oum
357 2217 443 2260 mors
470 2217 529 2260 neo
557 2196 597 2259 ad
619 2196 709 2261 vivos
732 2197 892 2278 pertineat
914 2218 972 2261 neo
1000 2198 1041 2262 ad
1064 2220 1150 2264 mor·

91 2305 124 2355 92
143 2283 239 2348 tuos?
275 2283 382 2348 Alteri
404 2284 487 2348 nulli
511 2286 598 2366 sunt,
620 2283 741 2348 alteros
764 2306 831 2349 non
854 2285 1002 2369 attinget.
1044 2286 1150 2363 Quam

143 2371 200 2454 qui
226 2371 381 2436 leviorem
407 2370 546 2455 faciunt,
573 2372 678 2435 somni
705 2371 902 2437 simillimam
929 2373 1042 2438 volunt
1069 2396 1149 2439 esse.

82 2515 87 2527 .
143 2458 244 2535 Quasi
263 2480 337 2524 vero
360 2458 530 2543 quisquam
550 2460 597 2525 ita
614 2460 795 2545 nonaginta
813 2482 913 2525 annos
931 2461 1012 2525 velit
1030 2461 1149 2547 vivere,

26 2620 28 2624 ,
142 2549 191 2629 ut,
224 2568 294 2612 oum
327 2546 496 2632 sexaginta
529 2547 714 2631 confecerit,
749 2549 891 2631 reliquos
923 2548 1075 2615 dormiat!
1107 2574 1149 2616 ne

143 2634 194 2699 sui
226 2634 353 2717 quidem
384 2635 417 2699 id
449 2634 563 2717 velint,
600 2645 668 2700 non
698 2636 793 2701 modo
824 2637 903 2719 ipse.
959 2637 1149 2720 Endymion

141 2743 233 2873 Ero,
257 2722 285 2786 si
306 2722 433 2873 fpbulas
448 2722 565 2824 'audire
587 2723 809 2875 volumus,cut
822 2724 940 2823 ⁸nescio
964 2726 1092 2874 pluendo
1114 2727 1150 2826 in

141 2811 882 2982 mlllill'fflllillmilmmiliaalll'
897 2833 1148 2982 attala,

142 3007 216 3050 oum
237 2985 328 3049 Luna
346 2985 494 3050 laboret?
517 3008 537 3050 a
555 3008 618 3069 qua
636 2986 822 3068 consopitus
845 2989 992 3070 putatur,
1013 2991 1052 3050 ut
1074 3008 1147 3052 eum

142 3073 355 3138 dormientem
383 3073 588 3138 oscularetur.
638 3073 722 3149 Quid
751 3076 841 3138 curet
869 3077 991 3158 autem,
1024 3074 1079 3159 qui
1107 3097 1149 3139 ne

142 3160 242 3225 sentit
260 3159 410 3242 quidem?
438 3159 549 3225 Habes
568 3181 717 3225 somnum
735 3160 912 3246 imaginem
929 3162 1045 3226 mortis
1064 3184 1148 3226 eam·

142 3269 202 3331 que
230 3248 347 3312 cotidie
374 3248 494 3331 induis,
521 3251 554 3312 et
576 3248 718 3331 dubitas,
745 3249 822 3333 quin
849 3271 962 3314 sensus
985 3250 1020 3314 in
1043 3255 1149 3316 morte

141 3334 250 3398 nullus
274 3335 332 3484 git,
354 3358 427 3401 oum
448 3337 485 3400 iu
507 3335 575 3400 eius
599 3337 769 3402 simulacro
796 3337 907 3402 videas
930 3359 999 3402 esse
1021 3338 1149 3403 nullum

142 3442 271 3487 sensum

84 3478 131 3606 ἐξ
206 3507 372 3574 Pellantur
403 3531 480 3595 ergo
512 3510 594 3574 istae
620 3510 761 3594 ineptiae
790 3533 893 3596 paene
926 3513 1041 3599 aniles,
1073 3517 1149 3579 ante

77 3626 220 3712 *1
