2446 3944
465 208 707 273 -219-

80 368 119 431 ut
142 364 215 430 aliis
238 363 340 448 detur,
363 349 436 429 aliis
459 363 633 449 auferatur,
655 364 792 429 aberunt
813 363 846 448 ii,
869 364 925 449 qui
942 386 1012 430 rem
1028 387 1085 450 pu·
1193 387 1197 393 ·

81 453 202 518 blicam
214 451 401 535 tuebuntur,
418 450 453 514 in
469 451 648 536 primisque
661 473 794 536 operam
807 452 938 538 dabunt,
955 455 993 517 ut
1005 452 1085 518 iuris

80 545 116 606 et
137 540 327 605 iudiciorum
350 539 514 623 aequitate
537 561 630 604 suum
649 539 783 624 quisque
803 541 913 604 teneat
931 543 964 605 et
981 561 1085 624 neque

82 629 243 693 tenuiores
265 630 399 712 propter
421 627 639 692 humilitatem
666 627 957 693 circumveniantur
981 649 1086 712 neque

82 715 299 799 locupletibus
322 714 363 778 ad
386 735 444 779 sua
465 715 518 779 vel
536 713 676 779 tenenda
692 714 744 779 vel
762 715 981 800 recuperanda
999 715 1085 781 obsit

81 803 215 887 invidia,
241 804 336 886 praet
337 823 422 885 eree,
450 802 703 887 quibuscumque
729 802 826 867 rebus
852 803 904 868 vel
930 803 1012 868 belli
1031 803 1085 868 vel

81 890 170 955 domi
191 892 354 975 poterimt,
376 911 445 953 rem
467 890 632 975 publicam
654 889 827 975 augeant
816 891 962 976 rmperio,
987 891 1085 976 egris,

82 977 306 1079 vectigalibus
349 974 439 1042 Haec
466 997 659 1063 magnorum
685 977 853 1043 hominum
885 982 973 1056 sunt,
1004 978 1084 1044 haec

83 1065 168 1167 apud
186 1065 324 1130 maiores
341 1068 473 1130 nostros
490 1065 650 1150 factitata,
669 1065 749 1130 haec
768 1085 887 1149 genera
905 1065 1084 1131 officiorum

84 1153 141 1237 qui
167 1157 414 1254 persequentur,
442 1173 514 1217 cum
543 1174 670 1218 summa
695 1152 840 1218 utilitate
822 1153 914 1217 arei
936 1153 1085 1237 publicae

81 1262 236 1327 magnam
257 1241 322 1325 ipsi
344 1240 522 1324 adipiscent
522 1263 562 1305 ur
584 1245 617 1306 et
640 1243 714 1328 gret
715 1240 782 1305 iam
803 1244 837 1306 et
859 1241 1006 1326 gloriam.

146 1329 185 1394 In
211 1328 263 1392 his
286 1331 396 1393 autem
419 1328 601 1392 utilitatum
622 1327 803 1414 praeceptis
826 1327 1002 1413 Antipater
1023 1327 1084 1412 Ty·
1102 1346 1136 1396 86

81 1416 149 1481 rius
167 1413 236 1480 δι’
190 1419 304 1503 tereus,
322 1437 378 1500 qm
368 1413 529 1480 Athenis
547 1437 650 1499 nuper
667 1418 718 1480 est
734 1417 892 1500 mortuus,
914 1415 976 1481 duo
994 1437 1084 1500 prae

81 1504 181 1568 terite
202 1506 311 1603 censet
333 1524 403 1567 esse
426 1525 446 1568 a
467 1501 635 1586 Panaetio,
662 1503 858 1568 valetudinis
884 1503 1084 1569 curationem

82 1595 116 1656 et
137 1590 304 1676 pecuniae;
327 1611 407 1674 quas
424 1612 477 1655 res
496 1612 516 1655 a
534 1612 659 1655 summo
677 1591 828 1675 philosop
829 1591 872 1656 ho
890 1591 1084 1675 praeteritas

82 1679 236 1762 arbitror,
264 1679 350 1763 quod
377 1680 485 1743 essent
510 1677 637 1762 faciles3
664 1682 740 1743 sunt
763 1682 849 1744 certe
871 1679 977 1744 utiles.
1022 1676 1085 1744 Sed

81 1766 233 1832 valetudo
261 1769 462 1831 sustentatur
488 1766 606 1830 notitia
633 1766 683 1830 sui
710 1766 854 1851 corporis
879 1771 913 1831 et
935 1766 1084 1833 observa·

80 1854 184 1938 tione,
213 1876 294 1939 quae
316 1875 369 1918 res
396 1857 453 1919 aut
479 1854 632 1937 prodesse
659 1855 786 1919 soleant
813 1858 870 1919 aut
897 1854 1024 1939 obesse,
1051 1857 1084 1919 et

82 1942 280 2006 continentia
302 1941 337 2005 in
358 1941 446 2007 victu
469 1942 558 2006 omni
580 1944 677 2025 atquc
700 1943 790 2007 cultu
810 1942 955 2027 corporis
972 1942 1084 2009 tuendi
1162 2012 1174 2031 l

81 2050 180 2095 causa
211 2028 519 2114 [praetermittendis
549 2029 803 2114 voluptatibus]‚
825 2034 990 2114 postremo
1014 2035 1083 2095 arte

81 2138 208 2196 eornm,
244 2138 380 2200 quorum
412 2117 453 2181 ad
485 2116 652 2182 scientiam
683 2116 763 2182 haec
793 2119 965 2203 pertinent.
1017 2118 1082 2184 Res
1102 2137 1135 2186 ιι

81 2208 191 2269 autem
208 2204 379 2268 familiaris
398 2204 509 2288 quaeri
527 2205 622 2270 debet
639 2205 680 2270 iis
698 2205 803 2290 rebus,
822 2206 975 2290 aquibus
990 2206 1084 2271 abest

80 2291 262 2377 turpitudo,
292 2292 475 2357 conservari
497 2297 605 2358 autem
628 2293 775 2379 diligent
765 2315 799 2358 ιι
821 2297 897 2378 etp
875 2294 1084 2379 parsimonia,

81 2379 202 2444 eisdem
230 2380 328 2444 etiam
354 2380 450 2444 rebus
478 2381 598 2466 augeri.
641 2379 711 2445 Has
742 2402 794 2446 res
826 2381 1083 2447 commodissime

80 2465 264 2552 Xenophon
285 2464 467 2532 Socraticus
489 2471 677 2551 persecutus
700 2468 786 2533 est
776 2490 812 2532 ιιι
837 2490 875 2533 eo
902 2469 1001 2549 libro,
1028 2469 1084 2554 qui

82 2552 313 2620 Oeconomicus
340 2555 540 2633 inscribitur,
568 2577 663 2638 quem
689 2575 763 2639 nos,
789 2555 855 2620 ista
819 2554 1029 2622 ttfere
976 2560 1065 2622 aetet

81 2664 155 2706 oum
169 2664 311 2709 essemus
315 2664 403 2726 ,qua
425 2664 459 2706 es
472 2645 510 2706 tu
522 2663 616 2720 nunc,
629 2664 647 2707 e
661 2640 807 2706 Graeco
797 2664 833 2706 m
844 2641 997 2709 Latmum
1011 2666 1083 2710 con-

79 2729 245 2796 vertimus
273 2693 337 2794 Sed
352 2733 424 2795 toto
442 2730 504 2795 hoc
518 2729 556 2794 de
571 2750 696 2815 genere,
710 2729 749 2792 de
763 2731 954 2815 quaerenda,
967 2731 1006 2796 de
1020 2730 1084 2796 ool·

80 2817 217 2883 locanda
230 2817 373 2903 pecunia,
387 2815 529 2920 (vellem
532 2817 630 2882 etiam
644 2816 683 2882 de
700 2816 834 2902 utenda)
848 2781 1045 2883 comniodius
1064 2841 1084 2882 ι

80 2905 274 2989 quibusdam
301 2906 442 2990 optumis
469 2905 548 2970 viris
576 2904 616 2969 ad
638 2902 753 2969 Ianum
781 2905 921 2969 medium
947 2904 1073 2969 sedenti
1072 2941 1084 2952 ·

80 2993 142 3058 hus
166 3015 264 3077 quam
287 2930 342 3058 abp
352 2994 428 3058 ullis
450 2992 655 3077 philosophis
672 2992 769 3057 ulla
760 3014 794 3056 m
812 2992 923 3056 schola
941 2992 1083 3076 disputa-

79 3083 142 3145 tur.
187 3078 270 3145 Sunt
292 3085 402 3146 tamen
424 3103 462 3145 ea
485 3081 720 3166 cognoscenda3
748 3080 911 3164 pertinent
934 3080 1020 3144 enim
1042 3079 1083 3145 ad

80 3168 170 3233 utilit
103 3171 271 3252 tt,atem
295 3169 333 3233 de
357 3191 420 3252 qua
441 3169 503 3233 hoc
525 3168 609 3234 libro
634 3168 834 3254 disputatum
857 3170 915 3231 est.

146 3253 209 3320 Sed
230 3260 267 3321 ut
252 3257 356 3321 tilitat
356 3279 411 3320 um
431 3256 640 3341 comparatio,
665 3255 816 3340 quoniam
833 3254 887 3319 hic
903 3254 995 3321 locus
1150 3340 1152 3343 Ι

80 3347 228 3428 quartus,
257 3367 277 3409 a
302 3344 458 3409 Panaetio
485 3344 745 3428 praetermissus,
777 3363 873 3427 saepe
900 3345 950 3407 est
1152 3346 1158 3363 “·

80 3432 175 3496 saria.
219 3431 365 3497 Namet
350 3431 536 3517 tcorporis
564 3430 733 3497 commoda
763 3452 835 3495 cum
867 3428 990 3495 exte

79 3521 212 3585 externa
243 3542 315 3585 eum
346 3519 504 3606 corporis]
537 3518 610 3584 et
600 3541 672 3604 ipsa
702 3519 788 3583 inter
817 3538 852 3584 se
879 3540 978 3605 corpo
