2446 3944
532 200 774 266 -376-

148 369 292 434 omnium
325 388 433 431 rerum
464 366 679 431 humanarum
711 363 950 447 contemptione
982 384 1020 427 ao
1053 364 1162 449 despi-

33 518 76 538 „.
134 455 266 526 aientia
289 459 322 519 et
344 455 378 518 in
402 453 490 519 omni
512 454 631 518 virtute
653 473 822 535 ponamus.
866 449 952 516 Nam
974 472 1061 516 nunc
1090 453 1161 536 qui-

148 547 220 611 dem
252 542 507 628 cogitationibus
539 541 739 605 mollissimis
771 540 1007 621 effeminamur,
1046 543 1098 619 ut,
1132 539 1161 604 si

150 635 224 696 ante
242 652 329 695 mors
349 630 512 712 adventet,
531 650 629 713 quam
649 625 883 693 Chaldaeorum
901 627 1066 710 promissa
1084 648 1160 692 con-

149 719 251 783 secuti
272 739 395 796 sumus,
414 717 546 801 spoliati
564 716 692 799 magnis
712 714 903 798 quibusdam
925 715 1034 798 bonis,
1058 714 1160 779 inlusi

95 828 130 877 oa
150 805 359 888 destitutique
386 806 560 869 videamur.
615 803 737 881 Quodsi
769 802 983 886 exspectando
1011 805 1046 866 et
1075 803 1159 867 desi-

151 893 290 957 derando
318 893 494 976 pendemus
524 892 653 975 animis,
685 891 877 972 cruciamur,
905 890 1070 975 angimur,
1100 913 1159 974 pro

150 981 183 1046 di
210 980 410 1046 inmortales!
439 1001 535 1062 quam
563 978 644 1043 illud
668 979 731 1042 iter
760 977 932 1042 iucundum
959 999 1030 1042 esse
1055 977 1159 1057 debet,

150 1090 212 1154 quo
237 1068 383 1132 confecto
407 1067 499 1131 nulla
519 1066 644 1149 reliqua
667 1087 754 1148 cura,
781 1065 873 1129 nulla
896 1065 1080 1132 sollicitudo
1110 1065 1158 1130 fu-

149 1162 224 1221 tura
247 1156 302 1221 sitl
339 1155 443 1232 Quam
466 1175 517 1217 me
540 1154 679 1218 delectat
699 1153 928 1217 Theramenes!
951 1174 1049 1236 quam
1073 1154 1158 1218 elato

151 1245 257 1308 animo
285 1245 347 1307 est!
392 1241 467 1306 Etsi
495 1241 581 1305 enim
608 1241 734 1323 flemus,
765 1261 838 1304 oum
864 1241 1017 1325 legimus,
1048 1244 1160 1306 tamen

148 1353 216 1397 non
238 1330 467 1395 miserabiliter
488 1329 539 1394 vir
561 1329 666 1393 clarus
690 1328 854 1392 emoritur.
900 1327 963 1404 Qui
989 1348 1064 1392 cum
1085 1350 1159 1394 con-

149 1420 250 1484 iectus
274 1420 309 1482 in
327 1438 487 1483 carcerem
505 1417 642 1501 triginta
662 1416 751 1481 iussu
768 1419 982 1498 tyrannorum
1000 1436 1159 1481 venenum

149 1511 187 1572 ut
209 1507 322 1571 sitiens
347 1505 548 1588 obduxisset,
570 1504 729 1588 reliquum
750 1504 796 1567 sio
819 1526 836 1567 e
859 1503 973 1586 poculo
997 1503 1101 1581 eiecit,
1123 1506 1160 1567 ut

150 1594 184 1659 id
205 1596 388 1677 resonaret,
411 1614 473 1677 quo
497 1593 607 1657 sonitu
628 1591 753 1656 reddito
777 1590 925 1654 adridens
949 1589 1160 1674 ‘Propino',

150 1682 267 1766 inquit,
299 1680 386 1745 ‘hoc
417 1680 579 1763 pulchro
608 1677 784 1760 Critiae’,
812 1678 868 1762 qui
894 1678 929 1742 in
951 1699 1025 1742 eum
1052 1677 1160 1742 fuerat

150 1770 363 1834 taeterrimus.
414 1767 528 1832 Graeci
556 1768 641 1831 enim
668 1767 704 1830 iu
735 1765 891 1830 conviviis
922 1765 1028 1830 solent
1057 1767 1159 1831 nomi·

150 1878 241 1939 nare,
269 1856 320 1919 cui
347 1857 498 1939 poculum
526 1853 677 1918 tradituri
701 1853 775 1917 sint.
819 1851 913 1917 Lusit
935 1853 984 1916 vir
1008 1854 1160 1938 egregius

152 1947 295 2008 extremo
310 1943 436 2026 spiritu,
451 1963 522 2006 oum
532 1943 597 2005 iam
611 1939 807 2023 praecordiis
818 1943 1006 2023 conceptam
1020 1946 1160 2007 mortem

152 2031 344 2112 contineret,
366 2050 503 2112 vereque
523 2028 566 2111 ei,
589 2028 640 2091 cui
658 2049 817 2103 venenum
834 2028 1052 2111 praebiberat,
1076 2050 1159 2093 mor·

151 2120 218 2181 tem
251 2138 322 2181 eam
354 2121 405 2179 est
436 2119 626 2199 auguratus,
661 2136 741 2199 quae
773 2115 865 2179 brevi
896 2119 1071 2180 consecuta
1102 2121 1161 2181 est.

98 2226 133 2276 9⁷
154 2204 231 2280 Quis
259 2204 344 2267 hanc
371 2203 505 2266 maximi
533 2203 632 2266 animi
660 2203 855 2286 aequitatem
887 2203 922 2267 in
952 2204 1025 2285 ipsa
1056 2207 1161 2269 morte

152 2292 312 2367 laudaret,
342 2291 370 2354 si
391 2293 530 2354 mortem
552 2291 674 2354 malum
701 2290 880 2354 iudicaret?
903 2292 924 2371 †
947 2289 1049 2355 Vadit
1075 2292 1162 2356 enim

152 2381 187 2445 in
219 2378 353 2443 eundem
384 2399 544 2443 carcerem
576 2381 672 2461 atque
706 2378 742 2442 in
774 2378 906 2442 eundem
942 2379 1053 2461 paucis
1086 2382 1162 2463 post

153 2466 245 2532 annis
270 2465 429 2549 scyphum
452 2463 600 2530 Socrates
624 2466 736 2530 eodem
763 2465 883 2530 scelere
913 2465 1070 2549 iudicum,
1098 2489 1161 2550 quo

151 2558 364 2638 tyrannorum
386 2553 612 2618 Theramenes
654 2553 743 2629 Quae
766 2556 816 2617 est
837 2553 939 2637 igitur
957 2554 1025 2618 eius
1045 2555 1163 2637 oratio,

154 2665 218 2728 qua
244 2642 323 2706 facit
351 2663 423 2706 eum
450 2641 543 2706 Plato
569 2663 664 2704 usum
691 2640 776 2724 apud
805 2640 926 2705 iudices
958 2641 1024 2705 iam
1055 2646 1162 2706 morte

153 2729 350 2794 multatum?

99 2824 141 2887 41
220 2817 358 2902 ‘Magna
376 2815 452 2899 me',
470 2816 584 2899 inquit,
604 2815 693 2898 ‘spes
711 2817 810 2896 tenet,
827 2814 958 2898 iudices,
978 2816 1062 2880 bene
1081 2816 1161 2880 mihi

153 2907 291 2988 evenire,
319 2903 404 2989 quod
431 2904 544 2967 mittar
572 2903 612 2966 ad
638 2905 784 2966 mortem.
829 2900 969 2966 Necesse
997 2907 1048 2968 est
1074 2904 1161 2968 enim

153 2995 197 3058 sit
220 2994 358 3058 alterum
382 2991 420 3055 de
444 2991 581 3074 duobus,
607 2993 645 3054 ut
672 2992 728 3053 aut
755 3011 867 3053 sensus
894 2991 1025 3056 omnino
1050 3013 1161 3056 omnes

152 3102 240 3146 mors
271 3080 396 3144 auferat
425 3081 482 3142 aut
511 3079 546 3141 in
576 3077 675 3141 alium
707 3077 868 3161 quenda-m
899 3078 1006 3143 locum
1039 3101 1077 3144 ex
1109 3080 1161 3144 his

153 3169 233 3233 locis
256 3171 360 3232 morte
382 3166 549 3250 migretur.
585 3164 689 3240 Quam
712 3165 754 3228 ob
777 3186 859 3248 rem,
882 3165 949 3229 sive
973 3188 1086 3230 sensus
1110 3188 1162 3231 ex-

152 3256 314 3337 tinguitur
336 3275 487 3337 morsque
511 3253 541 3316 ei
559 3274 672 3317 somno
694 3251 810 3316 similis
831 3256 893 3335 est,
915 3254 1054 3336 quinon
1071 3276 1163 3319 num-

154 3363 250 3424 quam
264 3343 361 3405 etiam
371 3342 439 3406 sine
448 3341 527 3405 visis
540 3340 737 3404 somniorum
751 3340 1005 3423 placatissimam
1019 3342 1162 3426 quietem

154 3427 272 3511 adfert,
295 3428 327 3491 di
350 3429 439 3506 boni,
462 3427 538 3512 quid
561 3428 642 3492 lucri
661 3431 711 3491 est
729 3427 844 3492 emori!
868 3431 926 3492 aut
948 3451 1045 3513 quam
1066 3428 1163 3494 multi

154 3515 222 3579 dies
245 3515 379 3598 reperiri
401 3518 551 3598 possunt,
574 3515 629 3599 qui
651 3515 712 3579 tali
731 3515 820 3580 nocti
839 3519 1088 3602 anteponantur,
1111 3517 1163 3582 cui
