<?xml version="1.0" encoding="UTF-8"?>
<!DOCTYPE html PUBLIC "-//W3C//DTD XHTML 1.0 Transitional//EN"
    "http://www.w3.org/TR/xhtml1/DTD/xhtml1-transitional.dtd">
<html xmlns="http://www.w3.org/1999/xhtml" xml:lang="en" lang="en">
 <head>
  <title>
</title>
<meta http-equiv="Content-Type" content="text/html;charset=utf-8" />
  <meta name='ocr-system' content='tesseract 3.04.00' />
  <meta name='ocr-capabilities' content='ocr_page ocr_carea ocr_par ocr_line ocrx_word'/>
</head>
<body>
  <div class='ocr_page' id='page_1' title='image "./cicerosphilosop00cicegoog_0155.png"; bbox 0 0 2446 3944; ppageno 0'>
   <div class='ocr_carea' id='block_1_1' title="bbox 444 203 685 267">
    <p class='ocr_par' dir='ltr' id='par_1_1' title="bbox 444 203 685 267">
     <span class='ocr_line' id='line_1_1' title="bbox 444 203 685 267; baseline 0.004 -1"><span class='ocrx_word' id='word_1_1' title='bbox 444 203 685 267; x_wconf 86' lang='lat'>-139-</span> 
     </span>
    </p>
   </div>
   <div class='ocr_carea' id='block_1_2' title="bbox 58 363 1067 517">
    <p class='ocr_par' dir='ltr' id='par_1_2' title="bbox 58 363 1067 517">
     <span class='ocr_line' id='line_1_2' title="bbox 58 363 1067 517; baseline 0.002 -88"><span class='ocrx_word' id='word_1_2' title='bbox 58 364 219 517; x_wconf 35' lang='lat' dir='ltr'>{erratum</span> <span class='ocrx_word' id='word_1_3' title='bbox 264 363 313 431; x_wconf 87' lang='lat' dir='ltr'>Ae</span> <span class='ocrx_word' id='word_1_4' title='bbox 341 365 379 429; x_wconf 88' lang='lat' dir='ltr'>de</span> <span class='ocrx_word' id='word_1_5' title='bbox 406 365 573 431; x_wconf 82' lang='lat' dir='ltr'>inferenda</span> <span class='ocrx_word' id='word_1_6' title='bbox 600 365 728 450; x_wconf 92' lang='lat' dir='ltr'>quidem</span> <span class='ocrx_word' id='word_1_7' title='bbox 754 365 873 431; x_wconf 86' lang='lat' dir='ltr'>iniuria</span> <span class='ocrx_word' id='word_1_8' title='bbox 901 367 980 430; x_wconf 90' lang='lat' dir='ltr'>satis</span> <span class='ocrx_word' id='word_1_9' title='bbox 1004 365 1067 432; x_wconf 87' lang='lat' dir='ltr'>die·</span> 
     </span>
     <span class='ocr_line' id='line_1_3' title="bbox 77 474 215 517; baseline -0.014 0"><span class='ocrx_word' id='word_1_10' title='bbox 77 475 133 517; x_wconf 94' lang='lat' dir='ltr'>um</span> <span class='ocrx_word' id='word_1_11' title='bbox 157 474 215 516; x_wconf 88' lang='lat' dir='ltr'>es.</span> 
     </span>
    </p>
   </div>
   <div class='ocr_carea' id='block_1_3' title="bbox 1085 513 1105 576">
    <p class='ocr_par' dir='ltr' id='par_1_3' title="bbox 1085 513 1105 576">
     <span class='ocr_line' id='line_1_4' title="bbox 1085 513 1105 576; baseline 0 0"><span class='ocrx_word' id='word_1_12' title='bbox 1085 513 1105 576; x_wconf 88' lang='lat'>9</span> 
     </span>
    </p>
   </div>
   <div class='ocr_carea' id='block_1_4' title="bbox 128 540 1119 643">
    <p class='ocr_par' dir='ltr' id='par_1_4' title="bbox 128 540 1119 643">
     <span class='ocr_line' id='line_1_5' title="bbox 128 540 1119 643; baseline 0.002 -39"><span class='ocrx_word' id='word_1_13' title='bbox 128 540 438 605; x_wconf 73' lang='lat' dir='ltr'>Praetermittendae</span> <span class='ocrx_word' id='word_1_14' title='bbox 470 544 579 605; x_wconf 83' lang='lat' dir='ltr'>antem</span> <span class='ocrx_word' id='word_1_15' title='bbox 611 541 805 606; x_wconf 84' lang='lat' dir='ltr'>defensionis</span> <span class='ocrx_word' id='word_1_16' title='bbox 837 541 1066 643; x_wconf 76' lang='lat' dir='ltr'>deserendique</span> <span class='ocrx_word' id='word_1_17' title='bbox 1084 589 1119 639; x_wconf 77' lang='lat'>28</span> 
     </span>
    </p>
   </div>
   <div class='ocr_carea' id='block_1_5' title="bbox 58 627 1152 3625">
    <p class='ocr_par' dir='ltr' id='par_1_5' title="bbox 58 627 1067 977">
     <span class='ocr_line' id='line_1_6' title="bbox 63 627 1066 714; baseline 0 -21"><span class='ocrx_word' id='word_1_18' title='bbox 63 627 164 693; x_wconf 84' lang='lat' dir='ltr'>officii</span> <span class='ocrx_word' id='word_1_19' title='bbox 185 628 296 712; x_wconf 88' lang='lat' dir='ltr'>plures</span> <span class='ocrx_word' id='word_1_20' title='bbox 319 628 427 694; x_wconf 87' lang='lat' dir='ltr'>solent</span> <span class='ocrx_word' id='word_1_21' title='bbox 450 651 520 693; x_wconf 87' lang='lat' dir='ltr'>asse</span> <span class='ocrx_word' id='word_1_22' title='bbox 543 651 672 714; x_wconf 81' lang='lat' dir='ltr'>eausae3</span> <span class='ocrx_word' id='word_1_23' title='bbox 698 652 774 694; x_wconf 92' lang='lat' dir='ltr'>nam</span> <span class='ocrx_word' id='word_1_24' title='bbox 803 629 1066 694; x_wconf 86' lang='lat' dir='ltr'>autinimiort1ae</span> 
     </span>
     <span class='ocr_line' id='line_1_7' title="bbox 60 716 1067 801; baseline -0.001 -19"><span class='ocrx_word' id='word_1_25' title='bbox 60 719 120 782; x_wconf 85' lang='lat' dir='ltr'>aut</span> <span class='ocrx_word' id='word_1_26' title='bbox 142 716 289 781; x_wconf 89' lang='lat' dir='ltr'>laborem</span> <span class='ocrx_word' id='word_1_27' title='bbox 312 720 368 781; x_wconf 91' lang='lat' dir='ltr'>aut</span> <span class='ocrx_word' id='word_1_28' title='bbox 391 721 540 801; x_wconf 90' lang='lat' dir='ltr'>sumptus</span> <span class='ocrx_word' id='word_1_29' title='bbox 565 717 726 801; x_wconf 86' lang='lat' dir='ltr'>suseipere</span> <span class='ocrx_word' id='word_1_30' title='bbox 748 718 864 781; x_wconf 92' lang='lat' dir='ltr'>nolunt</span> <span class='ocrx_word' id='word_1_31' title='bbox 888 721 944 782; x_wconf 91' lang='lat' dir='ltr'>aut</span> <span class='ocrx_word' id='word_1_32' title='bbox 967 718 1067 782; x_wconf 89' lang='lat' dir='ltr'>etiam</span> 
     </span>
     <span class='ocr_line' id='line_1_8' title="bbox 58 804 1067 977; baseline 0.002 -21"><span class='ocrx_word' id='word_1_33' title='bbox 58 804 470 975; x_wconf 64' lang='lat' dir='ltr'>titttthtttltr</span> <span class='ocrx_word' id='word_1_34' title='bbox 484 804 1067 977; x_wconf 47' lang='lat' dir='ltr'>iiilltptliulllrlllfitsqulili</span> 
     </span>
     <span class='ocr_line' id='line_1_9' title="bbox 788 943 798 976; baseline 0 0"><span class='ocrx_word' id='word_1_35' title='bbox 788 943 798 976; x_wconf 76' lang='lat'><em>7</em></span> 
     </span>
    </p>

    <p class='ocr_par' dir='ltr' id='par_1_6' title="bbox 60 943 1118 2556">
     <span class='ocr_line' id='line_1_10' title="bbox 60 943 1066 1064; baseline 0 -20"><span class='ocrx_word' id='word_1_36' title='bbox 60 979 165 1045; x_wconf 86' lang='lat' dir='ltr'>tutari</span> <span class='ocrx_word' id='word_1_37' title='bbox 186 980 333 1064; x_wconf 87' lang='lat' dir='ltr'>debeant,</span> <span class='ocrx_word' id='word_1_38' title='bbox 356 981 501 1045; x_wconf 87' lang='lat' dir='ltr'>desertos</span> <span class='ocrx_word' id='word_1_39' title='bbox 525 1002 594 1045; x_wconf 85' lang='lat' dir='ltr'>esse</span> <span class='ocrx_word' id='word_1_40' title='bbox 617 981 793 1064; x_wconf 85' lang='lat' dir='ltr'>patiantur.</span> <span class='ocrx_word' id='word_1_41' title='bbox 826 943 1066 1064; x_wconf 54' lang='lat' dir='ltr'>Itaque&#39;viden-</span> 
     </span>
     <span class='ocr_line' id='line_1_11' title="bbox 62 1067 1066 1152; baseline 0.001 -21"><span class='ocrx_word' id='word_1_42' title='bbox 62 1068 140 1132; x_wconf 90' lang='lat' dir='ltr'>dum</span> <span class='ocrx_word' id='word_1_43' title='bbox 163 1070 222 1150; x_wconf 88' lang='lat' dir='ltr'>est,</span> <span class='ocrx_word' id='word_1_44' title='bbox 244 1088 284 1131; x_wconf 94' lang='lat' dir='ltr'>ne</span> <span class='ocrx_word' id='word_1_45' title='bbox 306 1067 471 1132; x_wconf 88' lang='lat' dir='ltr'>nonsatis</span> <span class='ocrx_word' id='word_1_46' title='bbox 491 1067 593 1151; x_wconf 87' lang='lat' dir='ltr'>sitid,</span> <span class='ocrx_word' id='word_1_47' title='bbox 616 1069 702 1151; x_wconf 91' lang='lat' dir='ltr'>quod</span> <span class='ocrx_word' id='word_1_48' title='bbox 723 1069 808 1152; x_wconf 87' lang='lat' dir='ltr'>apud</span> <span class='ocrx_word' id='word_1_49' title='bbox 826 1068 997 1133; x_wconf 78' lang='lat' dir='ltr'>Platonem</span> <span class='ocrx_word' id='word_1_50' title='bbox 1016 1071 1066 1132; x_wconf 90' lang='lat' dir='ltr'>est</span> 
     </span>
     <span class='ocr_line' id='line_1_12' title="bbox 60 1154 1067 1240; baseline -0.001 -21"><span class='ocrx_word' id='word_1_51' title='bbox 60 1156 97 1219; x_wconf 91' lang='lat' dir='ltr'>in</span> <span class='ocrx_word' id='word_1_52' title='bbox 113 1154 327 1239; x_wconf 88' lang='lat' dir='ltr'>philosophos</span> <span class='ocrx_word' id='word_1_53' title='bbox 346 1155 477 1238; x_wconf 87' lang='lat' dir='ltr'>dietum,</span> <span class='ocrx_word' id='word_1_54' title='bbox 496 1155 582 1238; x_wconf 89' lang='lat' dir='ltr'>quod</span> <span class='ocrx_word' id='word_1_55' title='bbox 600 1155 634 1218; x_wconf 95' lang='lat' dir='ltr'>in</span> <span class='ocrx_word' id='word_1_56' title='bbox 647 1155 716 1220; x_wconf 83' lang='lat' dir='ltr'>veri</span> <span class='ocrx_word' id='word_1_57' title='bbox 729 1155 980 1240; x_wconf 84' lang='lat' dir='ltr'>investigatione</span> <span class='ocrx_word' id='word_1_58' title='bbox 998 1177 1067 1220; x_wconf 88' lang='lat' dir='ltr'>ver·</span> 
     </span>
     <span class='ocr_line' id='line_1_13' title="bbox 61 1243 1067 1327; baseline -0.001 -21"><span class='ocrx_word' id='word_1_59' title='bbox 61 1245 175 1307; x_wconf 88' lang='lat' dir='ltr'>sentur</span> <span class='ocrx_word' id='word_1_60' title='bbox 193 1243 341 1326; x_wconf 88' lang='lat' dir='ltr'>quodque</span> <span class='ocrx_word' id='word_1_61' title='bbox 360 1265 407 1327; x_wconf 89' lang='lat' dir='ltr'>ea,</span> <span class='ocrx_word' id='word_1_62' title='bbox 426 1264 507 1325; x_wconf 90' lang='lat' dir='ltr'>quae</span> <span class='ocrx_word' id='word_1_63' title='bbox 525 1243 671 1327; x_wconf 90' lang='lat' dir='ltr'>plerique</span> <span class='ocrx_word' id='word_1_64' title='bbox 684 1243 891 1308; x_wconf 86' lang='lat' dir='ltr'>vehementer</span> <span class='ocrx_word' id='word_1_65' title='bbox 905 1246 1067 1326; x_wconf 85' lang='lat' dir='ltr'>expetant,</span> 
     </span>
     <span class='ocr_line' id='line_1_14' title="bbox 60 1330 1068 1415; baseline 0 -21"><span class='ocrx_word' id='word_1_66' title='bbox 60 1331 100 1394; x_wconf 88' lang='lat' dir='ltr'>de</span> <span class='ocrx_word' id='word_1_67' title='bbox 124 1330 241 1413; x_wconf 88' lang='lat' dir='ltr'>quibus</span> <span class='ocrx_word' id='word_1_68' title='bbox 262 1330 349 1394; x_wconf 88' lang='lat' dir='ltr'>inter</span> <span class='ocrx_word' id='word_1_69' title='bbox 372 1352 406 1394; x_wconf 88' lang='lat' dir='ltr'>se</span> <span class='ocrx_word' id='word_1_70' title='bbox 434 1330 607 1415; x_wconf 86' lang='lat' dir='ltr'>digladiari</span> <span class='ocrx_word' id='word_1_71' title='bbox 634 1331 781 1415; x_wconf 87' lang='lat' dir='ltr'>soleant,</span> <span class='ocrx_word' id='word_1_72' title='bbox 803 1333 1011 1395; x_wconf 90' lang='lat' dir='ltr'>eontemnant</span> <span class='ocrx_word' id='word_1_73' title='bbox 1034 1333 1068 1394; x_wconf 91' lang='lat' dir='ltr'>et</span> 
     </span>
     <span class='ocr_line' id='line_1_15' title="bbox 60 1417 1067 1503; baseline 0 -21"><span class='ocrx_word' id='word_1_74' title='bbox 60 1418 238 1503; x_wconf 87' lang='lat' dir='ltr'>pronihilo</span> <span class='ocrx_word' id='word_1_75' title='bbox 257 1421 381 1502; x_wconf 84' lang='lat' dir='ltr'>putent,</span> <span class='ocrx_word' id='word_1_76' title='bbox 398 1421 572 1502; x_wconf 88' lang='lat' dir='ltr'>propterea</span> <span class='ocrx_word' id='word_1_77' title='bbox 589 1419 693 1482; x_wconf 87' lang='lat' dir='ltr'>iustos</span> <span class='ocrx_word' id='word_1_78' title='bbox 713 1441 791 1482; x_wconf 90' lang='lat' dir='ltr'>esse.</span> <span class='ocrx_word' id='word_1_79' title='bbox 822 1417 908 1482; x_wconf 92' lang='lat' dir='ltr'>Nam</span> <span class='ocrx_word' id='word_1_80' title='bbox 927 1418 1067 1482; x_wconf 89' lang='lat' dir='ltr'>alterum</span> 
     </span>
     <span class='ocr_line' id='line_1_16' title="bbox 62 1505 1067 1590; baseline -0.001 -21"><span class='ocrx_word' id='word_1_81' title='bbox 62 1506 220 1587; x_wconf 87' lang='lat' dir='ltr'>[iustitiae</span> <span class='ocrx_word' id='word_1_82' title='bbox 235 1509 349 1590; x_wconf 81' lang='lat' dir='ltr'>genus]</span> <span class='ocrx_word' id='word_1_83' title='bbox 361 1509 584 1589; x_wconf 88' lang='lat' dir='ltr'>assequuntur,</span> <span class='ocrx_word' id='word_1_84' title='bbox 594 1509 631 1568; x_wconf 92' lang='lat' dir='ltr'>ut</span> <span class='ocrx_word' id='word_1_85' title='bbox 640 1506 805 1570; x_wconf 82' lang='lat' dir='ltr'>inferenda</span> <span class='ocrx_word' id='word_1_86' title='bbox 814 1528 855 1569; x_wconf 89' lang='lat' dir='ltr'>ne</span> <span class='ocrx_word' id='word_1_87' title='bbox 869 1505 921 1570; x_wconf 89' lang='lat' dir='ltr'>oui</span> <span class='ocrx_word' id='word_1_88' title='bbox 929 1509 1067 1570; x_wconf 78' lang='lat' dir='ltr'>noceant</span> 
     </span>
     <span class='ocr_line' id='line_1_17' title="bbox 60 1592 1066 1678; baseline -0.002 -20"><span class='ocrx_word' id='word_1_89' title='bbox 60 1593 190 1678; x_wconf 90' lang='lat' dir='ltr'>iniuria,</span> <span class='ocrx_word' id='word_1_90' title='bbox 211 1593 246 1657; x_wconf 92' lang='lat' dir='ltr'>in</span> <span class='ocrx_word' id='word_1_91' title='bbox 269 1593 408 1658; x_wconf 89' lang='lat' dir='ltr'>alterum</span> <span class='ocrx_word' id='word_1_92' title='bbox 429 1594 587 1676; x_wconf 80' lang='lat' dir='ltr'>incidunt3</span> <span class='ocrx_word' id='word_1_93' title='bbox 611 1593 752 1657; x_wconf 82' lang='lat' dir='ltr'>discendi</span> <span class='ocrx_word' id='word_1_94' title='bbox 775 1593 861 1657; x_wconf 88' lang='lat' dir='ltr'>enim</span> <span class='ocrx_word' id='word_1_95' title='bbox 880 1594 986 1658; x_wconf 88' lang='lat' dir='ltr'>studio</span> <span class='ocrx_word' id='word_1_96' title='bbox 1009 1592 1066 1656; x_wconf 93' lang='lat' dir='ltr'>im-</span> 
     </span>
     <span class='ocr_line' id='line_1_18' title="bbox 60 1681 1067 1767; baseline 0 -21"><span class='ocrx_word' id='word_1_97' title='bbox 60 1681 173 1767; x_wconf 90' lang='lat' dir='ltr'>pediti,</span> <span class='ocrx_word' id='word_1_98' title='bbox 196 1703 277 1764; x_wconf 87' lang='lat' dir='ltr'>quoe</span> <span class='ocrx_word' id='word_1_99' title='bbox 299 1681 384 1745; x_wconf 84' lang='lat' dir='ltr'>tueri</span> <span class='ocrx_word' id='word_1_100' title='bbox 402 1681 529 1764; x_wconf 88' lang='lat' dir='ltr'>debent,</span> <span class='ocrx_word' id='word_1_101' title='bbox 552 1681 711 1745; x_wconf 84' lang='lat' dir='ltr'>desenmt.</span> <span class='ocrx_word' id='word_1_102' title='bbox 747 1681 862 1764; x_wconf 90' lang='lat' dir='ltr'>Itaque</span> <span class='ocrx_word' id='word_1_103' title='bbox 885 1703 939 1745; x_wconf 88' lang='lat' dir='ltr'>eos</span> <span class='ocrx_word' id='word_1_104' title='bbox 962 1702 1003 1745; x_wconf 90' lang='lat' dir='ltr'>ne</span> <span class='ocrx_word' id='word_1_105' title='bbox 1026 1681 1067 1746; x_wconf 88' lang='lat' dir='ltr'>ad</span> 
     </span>
     <span class='ocr_line' id='line_1_19' title="bbox 60 1768 1066 1853; baseline 0 -20"><span class='ocrx_word' id='word_1_106' title='bbox 60 1768 318 1853; x_wconf 83' lang='lat' dir='ltr'>rempublicam</span> <span class='ocrx_word' id='word_1_107' title='bbox 347 1768 475 1852; x_wconf 90' lang='lat' dir='ltr'>quidem</span> <span class='ocrx_word' id='word_1_108' title='bbox 503 1789 687 1833; x_wconf 80' lang='lat' dir='ltr'>accessuros</span> <span class='ocrx_word' id='word_1_109' title='bbox 714 1772 810 1853; x_wconf 87' lang='lat' dir='ltr'>putat</span> <span class='ocrx_word' id='word_1_110' title='bbox 837 1768 901 1832; x_wconf 86' lang='lat' dir='ltr'>nisi</span> <span class='ocrx_word' id='word_1_111' title='bbox 928 1772 1066 1834; x_wconf 78' lang='lat' dir='ltr'>coaetos.</span> 
     </span>
     <span class='ocr_line' id='line_1_20' title="bbox 60 1855 1066 1941; baseline 0.001 -20"><span class='ocrx_word' id='word_1_112' title='bbox 60 1855 207 1940; x_wconf 83' lang='lat' dir='ltr'>Aequius</span> <span class='ocrx_word' id='word_1_113' title='bbox 226 1860 335 1920; x_wconf 89' lang='lat' dir='ltr'>autem</span> <span class='ocrx_word' id='word_1_114' title='bbox 353 1860 424 1920; x_wconf 89' lang='lat' dir='ltr'>erat</span> <span class='ocrx_word' id='word_1_115' title='bbox 441 1857 474 1920; x_wconf 91' lang='lat' dir='ltr'>id</span> <span class='ocrx_word' id='word_1_116' title='bbox 493 1857 661 1921; x_wconf 89' lang='lat' dir='ltr'>voluntate</span> <span class='ocrx_word' id='word_1_117' title='bbox 678 1857 762 1939; x_wconf 80' lang='lat' dir='ltr'>fieri3</span> <span class='ocrx_word' id='word_1_118' title='bbox 784 1879 860 1920; x_wconf 93' lang='lat' dir='ltr'>nam</span> <span class='ocrx_word' id='word_1_119' title='bbox 879 1857 941 1922; x_wconf 89' lang='lat' dir='ltr'>hoo</span> <span class='ocrx_word' id='word_1_120' title='bbox 958 1857 1066 1941; x_wconf 88' lang='lat' dir='ltr'>ipsum</span> 
     </span>
     <span class='ocr_line' id='line_1_21' title="bbox 60 1943 1118 2028; baseline 0.001 -19"><span class='ocrx_word' id='word_1_121' title='bbox 60 1945 111 2010; x_wconf 90' lang='lat' dir='ltr'>ita</span> <span class='ocrx_word' id='word_1_122' title='bbox 127 1945 249 2009; x_wconf 86' lang='lat' dir='ltr'>iustum</span> <span class='ocrx_word' id='word_1_123' title='bbox 268 1948 327 2027; x_wconf 87' lang='lat' dir='ltr'>est,</span> <span class='ocrx_word' id='word_1_124' title='bbox 346 1944 432 2028; x_wconf 89' lang='lat' dir='ltr'>quod</span> <span class='ocrx_word' id='word_1_125' title='bbox 445 1948 531 2008; x_wconf 86' lang='lat' dir='ltr'>reete</span> <span class='ocrx_word' id='word_1_126' title='bbox 549 1945 596 2027; x_wconf 89' lang='lat' dir='ltr'>fit,</span> <span class='ocrx_word' id='word_1_127' title='bbox 615 1944 644 2008; x_wconf 92' lang='lat' dir='ltr'>si</span> <span class='ocrx_word' id='word_1_128' title='bbox 660 1948 710 2008; x_wconf 86' lang='lat' dir='ltr'>est</span> <span class='ocrx_word' id='word_1_129' title='bbox 724 1944 951 2009; x_wconf 86' lang='lat' dir='ltr'>voluntarium.</span> <span class='ocrx_word' id='word_1_130' title='bbox 984 1943 1066 2008; x_wconf 83' lang='lat' dir='ltr'>Sunt</span> <span class='ocrx_word' id='word_1_131' title='bbox 1085 1961 1118 2010; x_wconf 80' lang='lat'>29</span> 
     </span>
     <span class='ocr_line' id='line_1_22' title="bbox 63 2032 1066 2116; baseline 0 -19"><span class='ocrx_word' id='word_1_132' title='bbox 63 2033 176 2115; x_wconf 88' lang='lat' dir='ltr'>etiam,</span> <span class='ocrx_word' id='word_1_133' title='bbox 202 2032 258 2116; x_wconf 89' lang='lat' dir='ltr'>qui</span> <span class='ocrx_word' id='word_1_134' title='bbox 280 2035 337 2096; x_wconf 89' lang='lat' dir='ltr'>aut</span> <span class='ocrx_word' id='word_1_135' title='bbox 360 2032 466 2096; x_wconf 85' lang='lat' dir='ltr'>studio</span> <span class='ocrx_word' id='word_1_136' title='bbox 489 2032 537 2095; x_wconf 89' lang='lat' dir='ltr'>rei</span> <span class='ocrx_word' id='word_1_137' title='bbox 558 2032 729 2096; x_wconf 88' lang='lat' dir='ltr'>familiaris</span> <span class='ocrx_word' id='word_1_138' title='bbox 752 2033 890 2097; x_wconf 87' lang='lat' dir='ltr'>tuendae</span> <span class='ocrx_word' id='word_1_139' title='bbox 913 2036 970 2097; x_wconf 89' lang='lat' dir='ltr'>aut</span> <span class='ocrx_word' id='word_1_140' title='bbox 993 2032 1066 2098; x_wconf 93' lang='lat' dir='ltr'>odio</span> 
     </span>
     <span class='ocr_line' id='line_1_23' title="bbox 65 2119 1067 2206; baseline 0.001 -22"><span class='ocrx_word' id='word_1_141' title='bbox 65 2120 205 2204; x_wconf 89' lang='lat' dir='ltr'>quodam</span> <span class='ocrx_word' id='word_1_142' title='bbox 223 2119 391 2184; x_wconf 92' lang='lat' dir='ltr'>hominum</span> <span class='ocrx_word' id='word_1_143' title='bbox 414 2141 506 2184; x_wconf 88' lang='lat' dir='ltr'>suum</span> <span class='ocrx_word' id='word_1_144' title='bbox 526 2141 559 2184; x_wconf 89' lang='lat' dir='ltr'>se</span> <span class='ocrx_word' id='word_1_145' title='bbox 576 2121 743 2205; x_wconf 82' lang='lat' dir='ltr'>negotium</span> <span class='ocrx_word' id='word_1_146' title='bbox 763 2142 859 2206; x_wconf 81' lang='lat' dir='ltr'>agere</span> <span class='ocrx_word' id='word_1_147' title='bbox 878 2120 986 2185; x_wconf 77' lang='lat' dir='ltr'>dicant</span> <span class='ocrx_word' id='word_1_148' title='bbox 1008 2142 1067 2185; x_wconf 89' lang='lat' dir='ltr'>neo</span> 
     </span>
     <span class='ocr_line' id='line_1_24' title="bbox 61 2207 1067 2293; baseline -0.001 -20"><span class='ocrx_word' id='word_1_149' title='bbox 61 2208 169 2273; x_wconf 85' lang='lat' dir='ltr'>faeere</span> <span class='ocrx_word' id='word_1_150' title='bbox 192 2207 341 2292; x_wconf 82' lang='lat' dir='ltr'>cuiquam</span> <span class='ocrx_word' id='word_1_151' title='bbox 364 2207 533 2272; x_wconf 85' lang='lat' dir='ltr'>videantur</span> <span class='ocrx_word' id='word_1_152' title='bbox 550 2207 710 2273; x_wconf 89' lang='lat' dir='ltr'>iniuriam.</span> <span class='ocrx_word' id='word_1_153' title='bbox 747 2207 809 2283; x_wconf 80' lang='lat' dir='ltr'>Qui</span> <span class='ocrx_word' id='word_1_154' title='bbox 827 2209 930 2272; x_wconf 89' lang='lat' dir='ltr'>altero</span> <span class='ocrx_word' id='word_1_155' title='bbox 950 2229 1067 2293; x_wconf 84' lang='lat' dir='ltr'>genere</span> 
     </span>
     <span class='ocr_line' id='line_1_25' title="bbox 62 2295 1067 2380; baseline -0.001 -20"><span class='ocrx_word' id='word_1_156' title='bbox 62 2295 241 2360; x_wconf 86' lang='lat' dir='ltr'>iniustitiae</span> <span class='ocrx_word' id='word_1_157' title='bbox 259 2299 386 2380; x_wconf 79' lang='lat' dir='ltr'>vacant,</span> <span class='ocrx_word' id='word_1_158' title='bbox 403 2295 439 2359; x_wconf 93' lang='lat' dir='ltr'>in</span> <span class='ocrx_word' id='word_1_159' title='bbox 456 2297 594 2360; x_wconf 88' lang='lat' dir='ltr'>alterum</span> <span class='ocrx_word' id='word_1_160' title='bbox 612 2296 793 2379; x_wconf 79' lang='lat' dir='ltr'>incurrunt3</span> <span class='ocrx_word' id='word_1_161' title='bbox 812 2297 963 2360; x_wconf 83' lang='lat' dir='ltr'>deserunt</span> <span class='ocrx_word' id='word_1_162' title='bbox 981 2295 1067 2360; x_wconf 88' lang='lat' dir='ltr'>enim</span> 
     </span>
     <span class='ocr_line' id='line_1_26' title="bbox 62 2383 1067 2468; baseline 0.001 -20"><span class='ocrx_word' id='word_1_163' title='bbox 62 2383 150 2449; x_wconf 77' lang='lat' dir='ltr'>vitae</span> <span class='ocrx_word' id='word_1_164' title='bbox 173 2383 375 2466; x_wconf 87' lang='lat' dir='ltr'>societatem,</span> <span class='ocrx_word' id='word_1_165' title='bbox 403 2384 479 2467; x_wconf 89' lang='lat' dir='ltr'>quia</span> <span class='ocrx_word' id='word_1_166' title='bbox 505 2384 587 2447; x_wconf 91' lang='lat' dir='ltr'>nihil</span> <span class='ocrx_word' id='word_1_167' title='bbox 615 2383 785 2449; x_wconf 83' lang='lat' dir='ltr'>conferunt</span> <span class='ocrx_word' id='word_1_168' title='bbox 806 2385 842 2447; x_wconf 93' lang='lat' dir='ltr'>in</span> <span class='ocrx_word' id='word_1_169' title='bbox 864 2405 936 2448; x_wconf 92' lang='lat' dir='ltr'>eam</span> <span class='ocrx_word' id='word_1_170' title='bbox 960 2383 1067 2468; x_wconf 87' lang='lat' dir='ltr'>studii,</span> 
     </span>
     <span class='ocr_line' id='line_1_27' title="bbox 63 2471 629 2556; baseline -0.002 -20"><span class='ocrx_word' id='word_1_171' title='bbox 63 2471 146 2536; x_wconf 92' lang='lat' dir='ltr'>nihil</span> <span class='ocrx_word' id='word_1_172' title='bbox 169 2493 300 2556; x_wconf 82' lang='lat' dir='ltr'>operae,</span> <span class='ocrx_word' id='word_1_173' title='bbox 322 2471 405 2535; x_wconf 92' lang='lat' dir='ltr'>nihil</span> <span class='ocrx_word' id='word_1_174' title='bbox 427 2471 629 2536; x_wconf 72' lang='lat' dir='ltr'>facultatum.</span> 
     </span>
    </p>

    <p class='ocr_par' dir='ltr' id='par_1_7' title="bbox 61 2558 1152 3625">
     <span class='ocr_line' id='line_1_28' title="bbox 130 2558 1068 2645; baseline 0.002 -23"><span class='ocrx_word' id='word_1_175' title='bbox 130 2558 265 2634; x_wconf 79' lang='lat' dir='ltr'>Quando</span> <span class='ocrx_word' id='word_1_176' title='bbox 287 2559 389 2644; x_wconf 83' lang='lat' dir='ltr'>igitur</span> <span class='ocrx_word' id='word_1_177' title='bbox 412 2560 535 2624; x_wconf 85' lang='lat' dir='ltr'>duobus</span> <span class='ocrx_word' id='word_1_178' title='bbox 560 2559 730 2644; x_wconf 84' lang='lat' dir='ltr'>generibus</span> <span class='ocrx_word' id='word_1_179' title='bbox 750 2559 930 2623; x_wconf 87' lang='lat' dir='ltr'>iniustitiae</span> <span class='ocrx_word' id='word_1_180' title='bbox 953 2581 1068 2645; x_wconf 87' lang='lat' dir='ltr'>propo·</span> 
     </span>
     <span class='ocr_line' id='line_1_29' title="bbox 64 2646 1067 2732; baseline -0.002 -20"><span class='ocrx_word' id='word_1_181' title='bbox 64 2646 136 2712; x_wconf 88' lang='lat' dir='ltr'>sitis</span> <span class='ocrx_word' id='word_1_182' title='bbox 165 2647 367 2711; x_wconf 85' lang='lat' dir='ltr'>adiunximus</span> <span class='ocrx_word' id='word_1_183' title='bbox 395 2669 508 2713; x_wconf 84' lang='lat' dir='ltr'>causas</span> <span class='ocrx_word' id='word_1_184' title='bbox 530 2647 698 2729; x_wconf 88' lang='lat' dir='ltr'>utriusque</span> <span class='ocrx_word' id='word_1_185' title='bbox 727 2648 853 2732; x_wconf 85' lang='lat' dir='ltr'>generis</span> <span class='ocrx_word' id='word_1_186' title='bbox 877 2668 994 2729; x_wconf 87' lang='lat' dir='ltr'>easque</span> <span class='ocrx_word' id='word_1_187' title='bbox 1016 2669 1067 2711; x_wconf 91' lang='lat' dir='ltr'>res</span> 
     </span>
     <span class='ocr_line' id='line_1_30' title="bbox 63 2733 1068 2818; baseline -0.003 -18"><span class='ocrx_word' id='word_1_188' title='bbox 63 2738 139 2800; x_wconf 90' lang='lat' dir='ltr'>ante</span> <span class='ocrx_word' id='word_1_189' title='bbox 162 2734 401 2818; x_wconf 84' lang='lat' dir='ltr'>constituimus,</span> <span class='ocrx_word' id='word_1_190' title='bbox 425 2736 541 2818; x_wconf 91' lang='lat' dir='ltr'>quibus</span> <span class='ocrx_word' id='word_1_191' title='bbox 563 2735 689 2798; x_wconf 88' lang='lat' dir='ltr'>iustitia</span> <span class='ocrx_word' id='word_1_192' title='bbox 711 2735 942 2815; x_wconf 82' lang='lat' dir='ltr'>contineretur,</span> <span class='ocrx_word' id='word_1_193' title='bbox 964 2733 1068 2815; x_wconf 88' lang='lat' dir='ltr'>faoile,</span> 
     </span>
     <span class='ocr_line' id='line_1_31' title="bbox 63 2820 1068 2907; baseline -0.004 -20"><span class='ocrx_word' id='word_1_194' title='bbox 63 2823 151 2907; x_wconf 82' lang='lat' dir='ltr'>quod</span> <span class='ocrx_word' id='word_1_195' title='bbox 173 2822 325 2906; x_wconf 82' lang='lat' dir='ltr'>cuiusque</span> <span class='ocrx_word' id='word_1_196' title='bbox 347 2823 504 2906; x_wconf 86' lang='lat' dir='ltr'>temporis</span> <span class='ocrx_word' id='word_1_197' title='bbox 532 2821 674 2887; x_wconf 80' lang='lat' dir='ltr'>officium</span> <span class='ocrx_word' id='word_1_198' title='bbox 701 2822 757 2904; x_wconf 89' lang='lat' dir='ltr'>sit,</span> <span class='ocrx_word' id='word_1_199' title='bbox 785 2821 978 2905; x_wconf 84' lang='lat' dir='ltr'>poterimus,</span> <span class='ocrx_word' id='word_1_200' title='bbox 1003 2820 1068 2883; x_wconf 88' lang='lat' dir='ltr'>nisi</span> 
     </span>
     <span class='ocr_line' id='line_1_32' title="bbox 62 2908 1120 2995; baseline -0.001 -20"><span class='ocrx_word' id='word_1_201' title='bbox 62 2914 192 2975; x_wconf 90' lang='lat' dir='ltr'>nosmet</span> <span class='ocrx_word' id='word_1_202' title='bbox 227 2910 316 2995; x_wconf 88' lang='lat' dir='ltr'>ipsos</span> <span class='ocrx_word' id='word_1_203' title='bbox 352 2911 446 2977; x_wconf 89' lang='lat' dir='ltr'>valde</span> <span class='ocrx_word' id='word_1_204' title='bbox 482 2909 675 2994; x_wconf 72' lang='lat' dir='ltr'>amabimuS,</span> <span class='ocrx_word' id='word_1_205' title='bbox 711 2908 864 2992; x_wconf 83' lang='lat' dir='ltr'>iudieare3</span> <span class='ocrx_word' id='word_1_206' title='bbox 901 2912 951 2972; x_wconf 91' lang='lat' dir='ltr'>est</span> <span class='ocrx_word' id='word_1_207' title='bbox 983 2908 1068 2972; x_wconf 88' lang='lat' dir='ltr'>enim</span> <span class='ocrx_word' id='word_1_208' title='bbox 1087 2924 1120 2974; x_wconf 84' lang='lat'>30</span> 
     </span>
     <span class='ocr_line' id='line_1_33' title="bbox 64 2995 1068 3080; baseline 0 -18"><span class='ocrx_word' id='word_1_209' title='bbox 64 2997 207 3063; x_wconf 79' lang='lat' dir='ltr'>difficilis</span> <span class='ocrx_word' id='word_1_210' title='bbox 239 3020 316 3063; x_wconf 81' lang='lat' dir='ltr'>eura</span> <span class='ocrx_word' id='word_1_211' title='bbox 347 3020 455 3062; x_wconf 88' lang='lat' dir='ltr'>rerum</span> <span class='ocrx_word' id='word_1_212' title='bbox 487 2998 673 3063; x_wconf 88' lang='lat' dir='ltr'>alienarum.</span> <span class='ocrx_word' id='word_1_213' title='bbox 719 2996 921 3080; x_wconf 79' lang='lat' dir='ltr'>Quamquam</span> <span class='ocrx_word' id='word_1_214' title='bbox 953 2995 1068 3062; x_wconf 81' lang='lat' dir='ltr'>Teren-</span> 
     </span>
     <span class='ocr_line' id='line_1_34' title="bbox 62 3082 1007 3151; baseline 0 -1"><span class='ocrx_word' id='word_1_215' title='bbox 62 3086 172 3151; x_wconf 87' lang='lat' dir='ltr'>tianus</span> <span class='ocrx_word' id='word_1_216' title='bbox 198 3086 256 3150; x_wconf 92' lang='lat' dir='ltr'>ille</span> <span class='ocrx_word' id='word_1_217' title='bbox 278 3085 432 3151; x_wconf 77' lang='lat' dir='ltr'>Chremes</span> <span class='ocrx_word' id='word_1_218' title='bbox 457 3085 630 3150; x_wconf 75' lang='lat' dir='ltr'>‘humani</span> <span class='ocrx_word' id='word_1_219' title='bbox 656 3085 757 3149; x_wconf 93' lang='lat' dir='ltr'>nihil</span> <span class='ocrx_word' id='word_1_220' title='bbox 786 3107 805 3148; x_wconf 97' lang='lat' dir='ltr'>a</span> <span class='ocrx_word' id='word_1_221' title='bbox 833 3105 872 3148; x_wconf 88' lang='lat' dir='ltr'>se</span> <span class='ocrx_word' id='word_1_222' title='bbox 899 3082 1007 3151; x_wconf 75' lang='lat' dir='ltr'>alie¹</span> 
     </span>
     <span class='ocr_line' id='line_1_35' title="bbox 61 3102 1152 3337; baseline -0.001 -99"><span class='ocrx_word' id='word_1_223' title='bbox 61 3173 204 3260; x_wconf 81' lang='lat' dir='ltr'>putat’3</span> <span class='ocrx_word' id='word_1_224' title='bbox 233 3174 289 3238; x_wconf 88' lang='lat' dir='ltr'>sed</span> <span class='ocrx_word' id='word_1_225' title='bbox 311 3178 433 3257; x_wconf 86' lang='lat' dir='ltr'>tamen,</span> <span class='ocrx_word' id='word_1_226' title='bbox 461 3174 537 3258; x_wconf 86' lang='lat' dir='ltr'>quia</span> <span class='ocrx_word' id='word_1_227' title='bbox 559 3173 664 3259; x_wconf 83' lang='lat' dir='ltr'>magis</span> <span class='ocrx_word' id='word_1_228' title='bbox 688 3196 725 3237; x_wconf 92' lang='lat' dir='ltr'>ea</span> <span class='ocrx_word' id='word_1_229' title='bbox 752 3171 948 3257; x_wconf 74' lang='lat' dir='ltr'>percipimus</span> <span class='ocrx_word' id='word_1_230' title='bbox 931 3102 1152 3337; x_wconf 37' lang='grc' dir='ltr'><em>μ</em></span> 
     </span>
     <span class='ocr_line' id='line_1_36' title="bbox 63 3261 1040 3347; baseline -0.003 -20"><span class='ocrx_word' id='word_1_231' title='bbox 63 3261 235 3346; x_wconf 76' lang='lat' dir='ltr'>sentimus,</span> <span class='ocrx_word' id='word_1_232' title='bbox 264 3283 345 3345; x_wconf 89' lang='lat' dir='ltr'>quae</span> <span class='ocrx_word' id='word_1_233' title='bbox 371 3261 466 3326; x_wconf 86' lang='lat' dir='ltr'>nobis</span> <span class='ocrx_word' id='word_1_234' title='bbox 492 3261 573 3347; x_wconf 85' lang='lat' dir='ltr'>ipsis</span> <span class='ocrx_word' id='word_1_235' title='bbox 596 3265 653 3326; x_wconf 90' lang='lat' dir='ltr'>aut</span> <span class='ocrx_word' id='word_1_236' title='bbox 675 3282 831 3345; x_wconf 88' lang='lat' dir='ltr'>prospera</span> <span class='ocrx_word' id='word_1_237' title='bbox 853 3263 911 3325; x_wconf 87' lang='lat' dir='ltr'>aut</span> <span class='ocrx_word' id='word_1_238' title='bbox 983 3338 1002 3347; x_wconf 89' lang='lat'>..</span> <span class='ocrx_word' id='word_1_239' title='bbox 1038 3312 1040 3315; x_wconf 90' lang='lat'>.</span> 
     </span>
     <span class='ocr_line' id='line_1_37' title="bbox 63 3346 998 3433; baseline 0 -19"><span class='ocrx_word' id='word_1_240' title='bbox 63 3350 229 3433; x_wconf 86' lang='lat' dir='ltr'>eveniunt,</span> <span class='ocrx_word' id='word_1_241' title='bbox 257 3372 354 3433; x_wconf 92' lang='lat' dir='ltr'>quam</span> <span class='ocrx_word' id='word_1_242' title='bbox 376 3349 449 3433; x_wconf 82' lang='lat' dir='ltr'>illa,</span> <span class='ocrx_word' id='word_1_243' title='bbox 476 3371 557 3433; x_wconf 84' lang='lat' dir='ltr'>quae</span> <span class='ocrx_word' id='word_1_244' title='bbox 580 3349 710 3433; x_wconf 83' lang='lat' dir='ltr'>ceteris,</span> <span class='ocrx_word' id='word_1_245' title='bbox 737 3369 819 3432; x_wconf 89' lang='lat' dir='ltr'>quae</span> <span class='ocrx_word' id='word_1_246' title='bbox 847 3346 942 3433; x_wconf 83' lang='lat' dir='ltr'>quasi</span> <span class='ocrx_word' id='word_1_247' title='bbox 957 3348 998 3431; x_wconf 57' lang='lat' dir='ltr'>i]</span> 
     </span>
     <span class='ocr_line' id='line_1_38' title="bbox 61 3434 967 3522; baseline 0.001 -20"><span class='ocrx_word' id='word_1_248' title='bbox 61 3437 237 3503; x_wconf 90' lang='lat' dir='ltr'>intervallo</span> <span class='ocrx_word' id='word_1_249' title='bbox 256 3437 424 3503; x_wconf 84' lang='lat' dir='ltr'>interiecto</span> <span class='ocrx_word' id='word_1_250' title='bbox 444 3437 597 3522; x_wconf 82' lang='lat' dir='ltr'>videmus,</span> <span class='ocrx_word' id='word_1_251' title='bbox 617 3436 764 3502; x_wconf 89' lang='lat' dir='ltr'>aliterde</span> <span class='ocrx_word' id='word_1_252' title='bbox 782 3435 908 3503; x_wconf 83' lang='lat' dir='ltr'>illisae</span> <span class='ocrx_word' id='word_1_253' title='bbox 964 3434 967 3439; x_wconf 72' lang='grc'><strong>’</strong></span> 
     </span>
     <span class='ocr_line' id='line_1_39' title="bbox 61 3523 926 3625; baseline 0.002 -35"><span class='ocrx_word' id='word_1_254' title='bbox 61 3525 251 3591; x_wconf 82' lang='lat' dir='ltr'>iudicamus.</span> <span class='ocrx_word' id='word_1_255' title='bbox 283 3523 438 3601; x_wconf 82' lang='lat' dir='ltr'>Quociroa</span> <span class='ocrx_word' id='word_1_256' title='bbox 455 3524 537 3591; x_wconf 91' lang='lat' dir='ltr'>bene</span> <span class='ocrx_word' id='word_1_257' title='bbox 554 3523 766 3611; x_wconf 69' lang='lat' dir='ltr'>praeeipiunt</span> <span class='ocrx_word' id='word_1_258' title='bbox 783 3523 841 3611; x_wconf 83' lang='lat' dir='ltr'>qui</span> <span class='ocrx_word' id='word_1_259' title='bbox 854 3546 889 3625; x_wconf 35' lang='lat' dir='ltr'>v,</span> <span class='ocrx_word' id='word_1_260' title='bbox 922 3598 926 3605; x_wconf 63' lang='grc'><strong>,</strong></span> 
     </span>
    </p>
   </div>
   <div class='ocr_carea' id='block_1_6' title="bbox 0 0 1233 3944">
    <p class='ocr_par' dir='ltr' id='par_1_8' title="bbox 0 0 1233 3944">
     <span class='ocr_line' id='line_1_40' title="bbox 0 0 1233 3944; baseline 0 0"><span class='ocrx_word' id='word_1_261' title='bbox 0 0 1233 3944; x_wconf 95' lang='lat' dir='ltr'> </span> 
     </span>
    </p>
   </div>
  </div>
 </body>
</html>
