2446 3944
466 203 707 268 -423-

83 366 258 420 demonstrat
275 365 409 420 virtutem
423 365 533 419 efficere
551 363 692 420 hominem
705 364 762 419 non
775 364 865 419 solum
876 365 999 437 beatum,
1014 363 1089 431 quod

84 436 120 489 sit
139 435 241 489 Stoicis
260 453 323 490 cum
340 435 509 490 Academiae
527 434 631 489 veteris
652 434 827 504 philosophis
847 437 876 489 et
892 433 1089 503 Peripateticis

84 521 241 571 commune,
261 505 311 559 sed
329 505 416 559 etiam
433 504 626 559 beatissimum
639 504 686 559 vel
699 505 729 558 in
747 503 870 559 cruciatu
887 506 916 559 et
933 503 1089 570 tormentis,

84 576 158 643 quod
177 578 275 629 contra
297 575 393 629 dicant
414 574 553 629 Platonici
575 576 605 629 et
621 573 814 644 Peripatetici,
838 574 884 642 qui
906 575 1011 628 virtute
1030 573 1090 641 qui-

84 646 148 699 dem
166 646 279 700 beatam
300 645 390 700 vitam
413 661 472 699 esse
496 643 678 712 contendant,
701 645 751 699 sed
769 645 927 699 accessione
952 645 1090 699 bonorum

84 716 207 784 corporis
231 718 260 770 et
280 716 411 770 fortunae
428 714 489 769 fieri
510 714 665 769 beatiorem
683 716 754 784 (cap.
776 721 907 785 14-28).
942 715 1088 769 Postremo

85 786 221 840 subicitur
238 786 323 855 longa
342 785 509 854 disputatio,
528 801 583 853 qua
600 784 682 838 initio
696 801 713 838 a
726 784 880 838 Platonicis
899 786 928 838 et
945 784 1089 853 Peripate·

84 855 147 908 tisis
164 857 240 910 facto
260 855 428 922 ostenditur,
448 871 502 923 quo
521 853 605 909 modo
623 856 656 908 ut
674 856 829 908 ceterorum
848 854 983 921 omnium,
1002 853 1042 908 ita
1059 855 1089 918 in

84 925 181 994 primis
199 925 400 995 Epicureorum
419 925 453 979 de
472 925 526 978 fine
543 924 681 978 bonorum
699 924 853 979 sententiae
872 927 1089 980 consentaneum
1129 943 1132 946 ⁴

84 998 165 1064 putet
183 996 323 1065 sapientes
342 1011 451 1065 semper
467 995 644 1049 beatissimos
663 993 754 1050 dicere
773 997 845 1064 (cap.
864 997 997 1064 29-41).

150 1155 286 1231 Quintus
304 1155 358 1220 hic
375 1155 458 1239 dies,
476 1153 586 1238 Brute,
603 1155 702 1218 finem
720 1155 819 1219 faciet
835 1154 1089 1220 Tusculanarum
1109 1112 1128 1238 t

83 1244 353 1327 disputationum,
383 1265 446 1327 quo
476 1242 526 1306 die
553 1246 604 1306 est
627 1264 646 1305 a
668 1242 762 1307 nobis
785 1263 823 1306 ea
850 1242 890 1306 de
916 1263 964 1326 re,
991 1263 1089 1325 quam

83 1337 120 1395 tu
143 1352 181 1394 ex
204 1331 355 1395 omnibus
379 1331 518 1394 maxime
539 1330 672 1413 probas,
700 1329 909 1413 disputatum.
956 1329 1089 1394 Placere

79 1418 169 1481 enim
187 1418 250 1482 tibi
269 1417 441 1482 admodum
459 1418 546 1481 sensi
564 1420 597 1480 et
620 1438 659 1480 ex
677 1438 714 1481 eo
736 1417 835 1499 libro,
857 1438 952 1501 quem
974 1418 1015 1481 ad
1037 1439 1090 1482 me

85 1506 324 1569 accuratissime
348 1505 519 1587 scripsisti,
549 1508 643 1568 etex
666 1505 776 1569 multis
800 1505 1001 1570 sermonibus
1023 1505 1088 1570 tuis

84 1591 236 1656 virtutem
263 1593 303 1656 ad
330 1592 424 1656 beate
450 1592 621 1656 vivendum
649 1613 683 1656 se
710 1592 782 1675 ipsa
803 1614 873 1656 esse
895 1594 1089 1657 contentam.

85 1678 177 1753 Quod
205 1679 267 1742 etsi
294 1672 423 1743 difficile
450 1683 500 1744 est
525 1680 663 1764 probatu
689 1682 822 1762 propter
847 1683 916 1744 tam
944 1680 1035 1744 varia
1057 1682 1090 1744 et

83 1770 153 1829 tam
171 1765 274 1830 multa
295 1771 457 1831 tormenta
479 1767 642 1849 fortunae,
664 1768 729 1831 tale
751 1771 859 1832 tamen
882 1770 944 1849 est,
966 1771 1003 1831 ut
1025 1766 1089 1831 ela·

84 1852 265 1917 horandum
287 1855 344 1937 sit,
371 1876 434 1938 quo
458 1854 585 1919 facilius
608 1856 770 1938 probetur.
813 1853 906 1919 Nihil
929 1859 980 1918 est
1003 1855 1089 1919 enim

86 1942 242 2024 omnium,
265 1963 346 2024 quae
364 1941 398 2005 in
415 1941 622 2025 philosophia
639 1945 833 2025 tractantur,
853 1943 939 2025 quod
959 1942 1089 2027 gravius

85 2029 405 2112 magnificentiusque
434 2029 566 2094 dicatur.
620 2028 706 2093 Nam
736 2051 808 2094 cum
837 2052 875 2094 ea
904 2051 1000 2094 causa
1030 2031 1128 2095 ima

83 2116 204 2198 pulerit
222 2137 285 2199 eos,
308 2117 363 2200 qui
382 2117 478 2199 primi
497 2138 531 2181 se
551 2118 591 2181 ad
609 2117 834 2200 philosophiae
853 2119 995 2182 studium
1015 2138 1089 2182 con-

83 2204 240 2287 tulerunt,
274 2207 310 2268 ut
338 2204 487 2268 omnibus
518 2205 614 2268 rebus
645 2204 843 2288 posthabitis
874 2209 962 2271 totos
991 2227 1024 2269 se
1056 2206 1091 2269 in

83 2296 217 2372 optumo
244 2292 331 2355 uitae
359 2295 447 2355 statu
474 2292 668 2376 exquirendo
699 2292 916 2376 conlocarent‚
944 2293 1090 2376 profecto

86 2399 141 2461 spe
160 2379 253 2442 beate
271 2379 399 2442 vivendi
420 2383 546 2443 tantam
568 2380 604 2442 in
627 2400 664 2444 eo
688 2379 795 2444 studio
818 2401 926 2444 euram
945 2401 1090 2462 operam-

85 2487 146 2547 que
164 2469 348 2549 posuerimt.
380 2466 501 2542 Quodsi
517 2466 557 2530 ab
575 2467 616 2531 iis
634 2467 765 2531 inventa
781 2469 813 2530 et
831 2467 974 2549 perfecta
987 2467 1089 2531 uirtus

85 2556 149 2635 est,
172 2557 205 2616 et
227 2555 256 2617 si
278 2554 429 2636 praesidii
448 2555 487 2616 ad
505 2554 600 2617 beate
623 2553 794 2618 vivendum
817 2555 851 2617 in
869 2554 989 2618 virtute
1009 2554 1089 2618 satis

85 2644 149 2723 est,
176 2641 248 2724 quis
276 2644 340 2725 est,
365 2642 419 2724 qui
445 2663 511 2705 non
537 2641 701 2723 praeclare
728 2645 761 2705 et
788 2641 828 2705 ab
859 2640 925 2704 illis
947 2641 1089 2724 positam

85 2731 118 2791 et
132 2729 259 2792 anobis
278 2732 459 2811 susceptam
474 2749 605 2811 operam
624 2728 875 2811 philosophandi
893 2727 1088 2791 arbitretur?

84 2813 143 2879 Sin
161 2820 269 2879 autem
287 2816 388 2880 virtus
408 2816 551 2879 subiecta
570 2815 630 2878 sub
649 2815 756 2880 varios
775 2816 976 2898 incertosque
995 2836 1088 2879 casus

84 2901 207 2967 famula
233 2903 383 2968 fortunae
411 2906 461 2967 est
487 2924 544 2967 nec
572 2906 737 2967 tantarum
764 2903 881 2967 virium
907 2905 970 2986 est,
996 2905 1033 2966 ut
1055 2924 1089 2966 se

84 2990 156 3072 ipsa
174 2993 316 3072 tueatur,
334 3011 460 3073 vereor,
477 3011 518 3054 ne
535 3012 601 3054 non
619 2993 687 3053 tam
705 2990 833 3054 virtutis
851 2990 969 3054 fiducia
985 2990 1089 3054 niten-

83 3077 160 3141 dum
178 3079 273 3142 nobis
293 3078 333 3141 ad
352 3100 441 3161 spem
464 3079 558 3141 beate
575 3078 703 3142 vivendi
726 3100 822 3161 quam
845 3081 921 3142 vota
942 3077 1088 3142 facienda

83 3165 259 3231 videantur.
302 3164 460 3249 Equidem
483 3187 537 3230 eos
561 3186 669 3247 casus,
690 3165 725 3229 in
748 3165 864 3247 quibus
888 3185 938 3228 mc
960 3164 1123 3229 fortunas

83 3251 291 3316 vehementer
310 3253 464 3334 exercuit,
487 3274 611 3316 mecum
629 3253 699 3335 ipse
717 3251 922 3316 considerans
945 3251 1020 3316 huic
1042 3253 1089 3316 in·

83 3339 168 3422 cipio
192 3341 369 3403 sententiae
393 3339 537 3404 diffidere
559 3339 721 3404 interdum
745 3343 778 3402 et
805 3338 938 3404 humani
962 3341 1089 3424 generis

82 3427 340 3492 imbecillitatem
377 3425 652 3512 fragilitatemque
692 3427 906 3492 extimescere.
966 3427 1091 3493 Vereor

83 3515 184 3600 enim,
206 3536 247 3579 ne
270 3517 399 3600 natura,
426 3536 498 3580 oum
522 3536 656 3598 corpora
678 3515 773 3580 nobis
797 3515 926 3580 infirma
949 3515 1092 3582 dedisset
