2446 3944
107 1421 141 1471 64

545 192 783 258 -526-

159 377 219 422 nec
255 355 294 420 ad
331 354 530 420 commodius
567 352 787 417 disserendum
822 351 898 417 vim.
951 350 992 415 In
1022 350 1172 435 physicis

159 442 334 528 plurimum
365 442 483 525 posuit
536 440 586 508 Ea
618 440 754 505 scientia
785 443 819 504 et
850 439 1024 504 verborum
1057 440 1108 506 vis
1141 443 1173 504 et

158 536 275 596 natura
311 529 468 594 orationis
504 531 537 593 et
573 527 837 611 consequentium
876 527 1173 611 repugnantiumve

159 619 244 683 ratio
276 621 385 701 potest
415 615 570 701 perspici5
600 617 744 680 omnium
774 619 882 680 autem
912 637 1022 680 rerum
1054 620 1175 683 natura

160 706 289 791 cognita
310 706 456 770 levamur
478 704 719 788 superstitione,
740 704 917 769 liberamur
936 704 1054 769 mortis
1072 707 1173 788 metu,

158 815 226 859 non
243 793 473 859 conturbamur
490 791 694 877 ignoratione
716 813 836 874 rerum,
858 813 876 856 e
896 813 959 875 qua
977 791 1053 875 ipsa
1069 792 1173 857 horri-

159 882 241 946 biles
261 882 420 946 exsistunt
441 901 536 964 saepe
555 878 755 963 formidines,
779 879 913 963 denique
932 879 1033 944 ctiam
1052 880 1173 946 morati

159 970 274 1034 melius
293 969 425 1051 erimus,
443 989 516 1032 cum
534 966 752 1050 didicerimus,
771 967 848 1051 quid
865 970 983 1032 natura
1000 968 1173 1034 desideret.

160 1057 243 1121 Tum
274 1078 366 1140 vero,
398 1056 425 1120 si
457 1054 606 1120 stabilem
638 1055 808 1120 scientiam
839 1076 946 1119 rerum
976 1057 1172 1136 tenebimus,

160 1147 288 1210 servata
306 1144 378 1227 illa,
400 1165 482 1227 quae
501 1142 593 1227 quasi
612 1143 745 1227 delapsa
765 1143 804 1208 de
823 1144 912 1209 caelo
931 1147 982 1207 est
1000 1144 1043 1209 ad
1062 1146 1171 1230 cogni-

159 1234 281 1297 tionem
300 1231 456 1312 omnium,
474 1231 600 1315 regula,
624 1231 664 1296 ad
682 1253 778 1315 quam
798 1231 907 1296 omnia
925 1230 1046 1296 iudicia
1064 1254 1172 1298 rerum

159 1321 357 1405 derigentur,
387 1341 563 1403 numquam
595 1318 694 1382 ullius
726 1319 872 1383 oratione
900 1319 977 1384 victi
1008 1322 1172 1386 sententia

160 1408 361 1473 desistemus.
404 1406 479 1472 Nisi
501 1410 609 1470 autem
632 1427 739 1470 rerum
761 1412 879 1471 nature
904 1411 1080 1490 perspecta
1103 1409 1173 1492 erit,

157 1496 247 1560 nullo
288 1494 382 1560 modo
423 1494 601 1578 poterimus
642 1516 793 1559 sensuum
836 1494 954 1559 iudicia
990 1494 1172 1562 defendere.

159 1583 319 1666 Quicquid
345 1604 443 1667 porro
476 1582 583 1646 animo
615 1583 790 1664 cernimus,
820 1582 856 1647 id
887 1605 982 1648 omne
1015 1585 1123 1650 oritur
1153 1608 1173 1650 a

160 1672 322 1754 sensibus3
352 1671 407 1754 qui
436 1670 464 1734 si
492 1692 603 1735 omnes
631 1671 698 1735 veri
726 1673 833 1754 erunt,
860 1674 897 1735 ut
922 1670 1059 1755 Epicuri
1088 1674 1172 1739 ratio

159 1759 264 1842 docet,
287 1763 357 1823 tum
376 1758 513 1842 denique
530 1759 654 1841 poterit
671 1758 792 1842 aliquid
813 1759 965 1842 cognosci
983 1762 1017 1824 et
1039 1762 1172 1846 percipi.

160 1846 246 1923 Quos
279 1847 335 1930 qui
369 1847 491 1910 tollunt
527 1851 560 1911 et
592 1846 677 1910 nihil
706 1868 804 1930 posse
835 1847 959 1929 percipi
990 1847 1118 1933 dicunt,
1149 1849 1172 1914 ii

159 1934 292 1998 remotis
312 1935 458 1998 sensibus
476 1956 518 1998 ne
536 1934 570 1998 id
587 1935 696 2017 ipsum
713 1934 841 2018 quidem
856 1934 1007 2017 expedire
1023 1941 1173 2021 possunt,

159 2021 244 2104 quod
259 2020 429 2086 dissenmt.
455 2020 627 2087 Praeterea
644 2022 774 2087 sublata
787 2023 971 2106 cognitione
986 2026 1021 2089 et
1035 2025 1172 2091 scientia

158 2109 285 2173 tollitur
304 2109 408 2171 omnis
431 2108 515 2172 ratio
540 2112 572 2173 et
590 2109 677 2174 vitae
697 2109 858 2193 degendae
879 2114 911 2173 et
929 2132 1040 2175 rerum
1058 2133 1171 2197 geren·

159 2196 281 2260 darum.
336 2193 388 2259 Sic
420 2217 437 2258 e
464 2195 611 2278 physicis
640 2199 672 2261 et
703 2197 860 2262 fortitudo
888 2199 1028 2264 sumitur
1058 2205 1171 2266 contre

158 2284 273 2349 mortis
296 2283 447 2347 timorem
470 2287 503 2347 et
526 2284 710 2348 constantia
728 2289 841 2350 contra
859 2289 982 2350 metum
999 2287 1170 2372 religionis

159 2376 191 2436 et
210 2371 334 2436 sedatio
349 2371 450 2436 animi
469 2372 609 2436 omnium
625 2395 732 2436 rerum
747 2373 945 2438 occultarum
962 2374 1170 2459 ignoratione

159 2460 298 2524 sublata
311 2463 343 2523 et
361 2460 540 2525 moderatio
563 2463 681 2525 natura
700 2461 912 2545 cupiditatum
930 2465 1169 2550 generibusque

159 2569 270 2612 earum
289 2547 466 2632 explicatis,
486 2551 527 2631 et,
552 2551 589 2612 ut
607 2548 702 2613 modo
721 2548 823 2632 docui,
842 2550 1039 2634 cognitionis
1058 2548 1169 2638 regula

159 2638 193 2786 qt
209 2634 328 2786 ididiam
348 2636 388 2699 ab
409 2636 521 2700 eodem
530 2636 587 2701 illo
602 2636 778 2702 constituto
789 2636 857 2701 veri
868 2658 887 2701 a
900 2638 986 2703 falso
1001 2639 1167 2706 distinctio
1212 2647 1214 2650 ⁴

176 2745 212 2787 ra
234 2746 244 2787 1
283 2745 307 2786 r.

106 2780 150 2906 Ξὲ)
224 2810 341 2874 Restat
375 2811 465 2875 locus
500 2811 576 2876 huic
612 2811 825 2895 disputationi
859 2813 910 2877 vel
942 2814 1085 2880 maxime
1116 2788 1167 2881 ne·

69 3450 140 3696 t

160 2898 317 2963 cessarius
342 2896 380 2962 de
404 2897 561 2981 amicitia,
584 2921 694 2983 quam,
718 2899 745 2963 si
763 2901 915 2984 voluptas
939 2923 1104 2968 summum
1127 2905 1167 2969 sit

158 2986 292 3069 bonum,
316 2984 487 3050 affirmatis
509 2987 634 3051 nullam
657 2987 788 3052 omnino
810 2987 889 3052 iore.
933 2987 982 3052 De
1006 3012 1072 3075 qua
1092 2991 1166 3076 Epi-

159 3095 254 3138 curus
278 3072 407 3157 quidem
425 3074 473 3138 ita
492 3074 582 3158 dicit,
606 3075 749 3139 omnium
767 3096 889 3157 rerum,
912 3097 992 3159 quas
1012 3079 1054 3144 ad
1075 3080 1166 3146 beate

158 3161 331 3226 vivendum
363 3162 523 3245 sapientia
555 3163 805 3247 comparaverit,
840 3163 924 3227 nihil
956 3186 1028 3230 esse
1064 3167 1166 3233 maius

159 3250 314 3333 amicitia,
336 3247 419 3313 nihil
437 3249 582 3334 uberius,
604 3250 686 3314 nihil
703 3250 883 3316 iucundius.
921 3249 991 3318 Nec
1009 3275 1089 3321 vero
1108 3255 1166 3320 hoc

159 3337 303 3401 oratione
336 3336 456 3421 solum,
488 3337 544 3402 sed
575 3339 677 3402 multo
709 3338 814 3423 magis
846 3339 914 3405 vita
945 3343 979 3405 et
1009 3341 1109 3408 factis
1136 3345 1167 3407 et

157 3423 303 3488 moribus
323 3426 555 3508 comprobavit.
597 3425 689 3502 Quod
708 3449 805 3510 quam
824 3446 979 3512 magnum
998 3429 1053 3513 sit,
1074 3432 1167 3496 fictae

157 3512 302 3577 veterum
320 3511 451 3578 fabulae
471 3513 649 3600 declarant,
670 3514 705 3580 in
728 3515 844 3599 quibus
867 3518 935 3580 tam
953 3516 1066 3584 multis
1087 3522 1167 3584 tam·
