2446 3944
540 173 781 254 -ao'a-

157 346 231 429 bus,
258 344 408 427 ludorum
434 342 706 428 venationumque
733 346 893 428 apparatu
914 343 1065 428 pecunias
1088 366 1164 428 pro-

156 433 296 498 fundunt
322 431 357 496 in
384 453 437 497 eas
465 453 533 516 res,
565 454 700 515 quarum
727 431 917 496 memoriam
943 436 1000 497 aut
1028 432 1163 498 brevem

106 536 140 586 oe
159 524 215 584 aut
233 520 358 585 nullam
377 519 507 585 omnino
531 520 596 584 sint
613 520 772 603 relicturi,
790 519 941 584 liberales
964 524 1082 603 autern,
1105 521 1163 604 qui

159 608 225 673 suis
247 607 459 673 facultatibus
490 612 547 672 aut
573 612 685 693 captos
713 630 733 672 a
759 607 975 691 praedonibus
998 608 1163 673 redimunt

160 700 216 760 aut
237 718 293 760 aes
316 696 458 761 alienum
482 696 661 780 suscipiunt
683 696 860 760 amicorum
883 699 940 761 aut
961 696 996 759 in
1017 696 1162 762 filiarum

158 783 371 849 collocatione
394 783 548 848 adiuvant
570 788 627 848 aut
650 784 852 867 opitulantur
875 784 966 848 inre
988 785 1041 849 vel
1064 807 1163 868 quae-

106 879 162 947 (56)
181 873 280 937 renda
302 871 533 956 vel-augenda.
577 871 691 955 Itaque
713 871 822 955 miror,
854 871 932 956 quid
957 871 993 935 in
1019 876 1163 938 mentem

158 960 283 1024 venerit
314 959 540 1043 Theophrasto
572 959 608 1023 in
639 980 676 1024 eo
708 959 806 1043 libro,
842 981 937 1041 quem
968 959 1006 1023 de
1038 960 1162 1025 divitiis
1216 1039 1219 1045 Ι

159 1047 303 1131 scripsit3
333 1048 369 1112 in
397 1069 460 1131 quo
489 1048 593 1112 multa
619 1047 797 1131 praeclare,
824 1047 905 1111 illud
928 1047 1078 1112 absurde:
1110 1050 1161 1113 est

159 1135 244 1200 enim
267 1136 389 1200 multus
408 1135 443 1200 in
460 1135 620 1200 laudanda
639 1135 879 1219 magnificentia
897 1137 930 1198 et
949 1136 1161 1219 apparatione

157 1223 1161 1395 ttttttutsttttmpttmttssttltfflfldlttt

158 1398 381 1482 liberalitatis,
413 1398 503 1464 cuius
535 1421 638 1484 pauca
668 1398 815 1482 exempla
846 1399 954 1482 posui,
989 1399 1093 1464 multo
1127 1403 1161 1463 et

158 1488 262 1552 maior
284 1488 411 1552 videtur
434 1490 466 1551 et
489 1488 615 1552 certior.
660 1485 787 1562 Quanto
809 1485 1003 1552 Aristoteles
1027 1488 1159 1572 gravius

159 1579 192 1640 et
214 1575 319 1641 verius
342 1596 403 1639 nos
421 1575 639 1659 reprehendit!
658 1575 713 1659 qui
730 1574 790 1639 has
807 1575 1014 1658 pecuniarum
1033 1575 1159 1640 effusio-

158 1685 216 1728 nes
242 1685 307 1729 non
334 1663 538 1745 admiremur,
566 1684 647 1745 quae
673 1663 756 1726 fiunt
783 1662 824 1727 ad
847 1663 1086 1727 multitudinem
1108 1663 1161 1728 de·

158 1751 341 1815 liniendam.
391 1750 450 1815 Ait
477 1751 576 1834 enim,
599 1749 680 1833 ‘qui
707 1751 752 1814 ab
779 1750 891 1814 hoste
924 1751 1159 1835 obsidentur,

159 1838 192 1902 si
224 1860 345 1902 emere
379 1860 499 1921 aquae
536 1837 747 1903 sextarium
779 1842 1009 1922 cogerentur
1043 1839 1159 1923 mina,

158 1926 229 1990 hoo
251 1925 375 2010 primo
397 1925 630 1991 incredibile
652 1925 765 1989 nobis
788 1926 925 2010 videri,
953 1948 1159 2011 omnesque

159 2013 304 2092 mirari,
332 2013 397 2079 sed
425 2035 507 2078 cum
534 2013 787 2096 attenderint,
819 2015 967 2079 veniam
993 2016 1160 2079 necessi·

158 2102 235 2166 tati
257 2102 358 2185 dare,
386 2101 425 2165 in
450 2101 510 2166 his
537 2101 758 2166 inmanibus
785 2101 947 2166 iacturis
970 2101 1158 2167 infinitis-

159 2210 229 2273 que
261 2189 478 2273 sumptibus
510 2189 609 2253 nihil
645 2210 713 2254 nos
749 2209 980 2274 magnopere
1012 2191 1158 2274 mirari,

159 2299 242 2342 cum
264 2277 497 2361 praesertim
518 2298 639 2360 neque
656 2277 887 2342 necessitati
906 2277 1159 2344 subveniatur

158 2387 225 2430 nec
248 2365 420 2449 dignitas
443 2367 630 2449 augeatur
652 2364 816 2449 ipsaque
844 2365 917 2430 illa
945 2365 1157 2432 delectatio

159 2453 425 2519 multitudinis
468 2453 514 2518 ad
554 2453 669 2518 breve
714 2453 966 2538 exiguumque
1007 2456 1157 2538 tempus

158 2542 307 2623 capietur,
330 2563 449 2625 eaque
473 2563 493 2606 a
515 2541 726 2607 lenissumo
750 2563 910 2625 quoque,
937 2541 977 2605 in
1004 2563 1076 2625 quo
1099 2544 1158 2606 ta·

159 2651 241 2694 men
262 2628 349 2714 ipso
377 2651 452 2694 una
479 2651 559 2694 cum
587 2629 772 2694 satietate
799 2629 981 2694 memoria
1009 2651 1157 2714 quoque

103 2728 140 2779 ov
159 2717 346 2783 moriatur
373 2716 612 2800 voluptatis?
657 2715 745 2781 Bene
773 2717 872 2782 etiam
899 2717 1026 2803 colligit
1049 2717 1158 2782 ‘haec

157 2805 287 2889 pueris
320 2806 358 2868 et
387 2805 629 2870 mulierculis
666 2809 703 2870 et
735 2805 859 2870 servis
891 2809 928 2869 et
961 2827 1158 2871 servorum

158 2893 373 2959 simillimis
400 2892 538 2957 liberis
566 2914 649 2957 esse
677 2895 804 2978 grata,
837 2892 946 2978 gravi
972 2914 1062 2958 vero
1090 2893 1158 2958 ho-

157 2982 250 3046 mini
277 2983 316 3045 et
343 3002 398 3059 ea,
430 3001 525 3065 quae
551 2979 666 3064 fiunt,
698 2981 840 3046 iudicio
875 2985 982 3045 certo
1016 2981 1158 3065 ponde·

157 3069 262 3133 renti
293 3068 452 3152 probari
482 3090 598 3152 posse
629 3069 738 3133 nullo
771 3067 900 3134 modo?
955 3067 1158 3152 Quamquam

156 3156 312 3241 intellego
348 3156 384 3220 in
417 3160 531 3222 nostra
566 3156 697 3222 civitate
732 3156 930 3222 inveterasse
965 3157 1032 3221 iam
1063 3156 1157 3221 bonis

156 3244 369 3328 temporibus,
396 3247 434 3309 ut
459 3244 611 3330 splendor
633 3244 836 3310 aedilitatum
858 3246 899 3309 ab
923 3245 1055 3330 optimis
1077 3244 1158 3309 viris

155 3331 347 3414 postuletur.
392 3330 506 3416 Itaque
529 3335 562 3396 et
584 3331 619 3397 P.
642 3331 778 3399 Crassus
801 3356 872 3400 cum
896 3332 1087 3418 cognomine
1111 3332 1158 3396 di-

155 3440 220 3502 ves,
242 3421 313 3482 tum
336 3420 436 3504 copiis
459 3420 588 3485 tinctus
611 3423 661 3486 est
683 3421 830 3486 aedilicio
853 3422 994 3486 maximo
1017 3442 1158 3504 munere,

156 3509 189 3570 et
210 3507 308 3591 paulo
330 3511 406 3593 post
428 3507 464 3573 L.
478 3506 614 3575 Crassus
637 3532 710 3575 cum
733 3509 877 3576 omnium
899 3509 1067 3575 hominurn
1089 3531 1158 3574 mo·
