2446 3944
547 187 786 252 -432—

162 347 310 429 sentiret3
329 367 426 429 quam
443 345 534 428 bene,
551 367 619 410 non
637 345 811 428 quaeritur,
832 347 1018 409 constanter
1037 345 1172 429 quidem

163 439 258 500 certe.
310 432 425 518 Itaque
457 432 537 497 mihi
568 434 695 516 plaeere
725 454 791 496 non
823 433 908 497 solet
939 434 1171 516 consequentia

162 521 407 607 reprehendere,
430 542 502 586 curn
524 521 630 604 prima
652 520 854 585 concesseris.
889 519 953 584 Hic
974 523 1083 585 autem
1107 522 1171 586 ele·

162 610 371 696 gantissimus
400 609 542 673 omnium
572 608 840 692 philosophorum
867 611 900 673 εὴ
929 608 1169 674 eruditissimus

161 720 229 763 non
250 718 447 782 magnopere
474 695 731 781 reprehenditur,
758 717 829 760 cum
856 697 920 760 tria
950 717 1069 780 genera
1092 697 1172 761 dicit

161 786 335 868 bonorum,
361 787 496 849 vexatur
524 788 632 848 autem
659 785 700 848 ab
729 783 876 848 omnibus
903 784 1044 866 primum
1073 784 1110 848 in
1133 807 1170 850 eo

161 874 258 958 libro,
282 894 376 957 quem
400 872 530 956 scripsit
553 872 591 936 de
614 872 682 936 vita
703 871 813 954 beata,
835 871 869 935 in
893 894 955 955 quo
979 872 1085 936 multa
1107 873 1172 937 dis·

162 965 270 1044 putat,
293 983 389 1045 quam
415 961 456 1025 ob
482 982 550 1024 rem
575 960 617 1045 is,
635 960 690 1043 qui
706 962 909 1044 torqueatur,
927 959 983 1043 qui
1001 961 1171 1043 crucietur,

162 1050 275 1115 beatus
302 1071 373 1113 esse
399 1069 466 1113 non
493 1049 607 1131 possit.
650 1047 690 1111 In
717 1069 755 1112 eo
779 1047 878 1111 etiam
907 1050 1041 1130 putatur
1065 1047 1171 1112 dicere

163 1137 198 1201 in
219 1140 327 1202 rotam
350 1135 398 1217 [id
417 1138 467 1201 est
486 1155 586 1220 genus
611 1135 771 1219 quoddam
795 1134 951 1199 tormenti
971 1135 1056 1218 apud
1075 1135 1173 1201 Grae·

163 1227 230 1305 cos]
259 1225 390 1290 beatam
416 1224 518 1289 vitam
544 1245 610 1288 non
637 1223 815 1287 escendere.
867 1222 942 1288 Non
968 1245 1107 1305 usquam
1138 1224 1172 1288 id

163 1313 291 1396 quidem
319 1311 399 1377 dicit
425 1311 570 1394 omnino,
598 1310 669 1394 sed,
700 1332 781 1394 quac
814 1310 903 1391 dicit,
935 1309 1022 1374 idem
1051 1312 1171 1376 valent.

111 1420 144 1469 ao
162 1399 300 1464 Possum
322 1400 435 1484 igitur,
458 1399 510 1465 oui
532 1399 744 1464 concesserim
771 1398 806 1461 in
827 1399 922 1462 malis
946 1419 1015 1462 esse
1042 1398 1171 1465 dolores

164 1488 319 1572 corporis,
341 1488 376 1551 in
393 1487 488 1552 malis
506 1486 677 1570 naufragia
698 1486 863 1569 fortunae,
884 1485 960 1550 huic
983 1508 1172 1552 suscensere

164 1575 281 1640 dicenti
307 1596 374 1639 non
401 1575 506 1639 omnis
534 1575 636 1638 bonos
660 1595 729 1638 esso
751 1574 878 1658 beatoS,
906 1595 978 1637 cum
1005 1574 1040 1637 in
1065 1575 1171 1639 omnis

163 1663 267 1728 bonos
287 1685 338 1745 ea,
362 1684 443 1746 quae
465 1662 520 1726 illc
539 1662 574 1725 in
592 1662 688 1725 malis
706 1664 867 1744 numerat,
891 1661 1003 1726 cadere
1021 1662 1172 1745 possint?

163 1750 307 1815 Vexatur
324 1750 410 1815 idem
423 1748 664 1833 Theophrastus
679 1753 713 1812 et
728 1749 822 1813 libris
836 1753 869 1813 et
888 1748 1007 1814 scholis
1025 1751 1172 1814 omnium

163 1836 443 1921 philosophorum,
467 1837 552 1922 quod
570 1837 605 1901 in
623 1835 823 1901 Callisthene
843 1859 900 1902 suo
918 1837 1060 1901 laudarit
1080 1839 1173 1902 illam

164 1926 372 1990 sententiam:

229 2046 360 2111 Vitam
382 2047 483 2130 regit
505 2046 675 2131 fortuna,
697 2069 772 2112 non
795 2047 997 2129 sapientia.

163 2186 295 2271 Negant
330 2187 370 2251 ab
402 2187 470 2252 ullo
506 2187 701 2270 philosopho
739 2187 909 2270 quicquam
945 2186 1068 2251 dictum
1101 2209 1173 2253 esse

163 2274 360 2358 languidius.
402 2274 503 2338 Recte
525 2275 558 2338 id
582 2275 723 2358 quidem,
746 2274 800 2338 sed
822 2275 907 2338 nihil
927 2274 1084 2358 intellego
1109 2276 1173 2339 dici

163 2363 308 2446 potuisse
340 2362 548 2426 constantius.
603 2361 638 2427 si
669 2363 753 2427 enim
786 2364 836 2426 tot
869 2365 943 2426 sunt
974 2362 1008 2426 in
1038 2384 1172 2446 corpore

163 2451 262 2534 bona,
291 2453 342 2514 tot
365 2454 457 2514 extra
479 2471 593 2532 corpus
616 2449 651 2512 in
673 2472 749 2514 casu
772 2453 867 2532 atque
892 2450 1036 2532 fortuna,
1065 2471 1173 2515 nonne

165 2541 415 2602 consentaneum
437 2540 487 2601 cst
508 2538 582 2620 plus
605 2538 781 2621 fortunam,
808 2559 887 2621 quae
910 2538 1042 2601 domina
1064 2559 1173 2602 rerum

166 2626 209 2690 sit
235 2629 268 2690 et
295 2630 498 2690 externarum
525 2629 558 2690 ct
588 2625 628 2690 ad
658 2647 772 2708 corpus
799 2625 1043 2708 pertinentium,
1076 2646 1174 2708 quam

113 2713 334 2778 reconsiliari
359 2712 488 2779 valere?
542 2713 596 2777 An
626 2713 786 2777 malumus
818 2711 994 2796 Epicurum
1026 2713 1173 2778 imitari?

166 2801 222 2884 qui
245 2802 348 2865 multa
369 2802 532 2884 praeclare
555 2822 650 2883 saepe
674 2801 763 2885 dicit3
788 2822 883 2883 quam
903 2801 988 2864 enim
1012 2801 1077 2864 sibi
1100 2823 1173 2866 con·

166 2892 289 2954 stanter
317 2889 605 2972 convenienterque
633 2889 730 2972 dicat,
761 2909 827 2952 non
858 2888 993 2952 laborat.
1045 2887 1174 2953 Laudat

164 2981 294 3041 tenuem
312 2977 443 3042 victum.
478 2975 669 3059 Philosophi
686 2976 721 3039 id
739 2976 880 3059 quidem,
902 2977 956 3040 sed
976 2975 1004 3039 si
1023 2973 1173 3041 Socrates

166 3067 223 3130 aut
250 3064 460 3128 Antisthenes
488 3064 620 3147 diceret,
647 3086 712 3128 non
739 3063 782 3142 is,
809 3062 864 3147 qui
890 3064 987 3127 finem
1013 3063 1174 3128 bonorum

165 3152 367 3235 voluptatem
395 3173 464 3216 csse
495 3151 618 3216 dixerit.
671 3151 781 3235 Negat
812 3172 1004 3234 quemquam
1036 3152 1173 3216 iucunde

164 3261 259 3322 posse
291 3240 412 3324 vivere,
444 3239 507 3304 nisi
538 3239 625 3304 idern
656 3239 804 3321 honeste,
832 3239 995 3321 sapienter
1025 3239 1174 3324 iusteque

166 3327 262 3391 vivat.
310 3326 404 3391 Nihil
431 3327 575 3413 gravius,
602 3327 684 3392 nihil
711 3326 919 3410 philosophia
945 3326 1088 3411 dignius,
1110 3327 1176 3392 nisi

166 3414 252 3477 idem
273 3413 335 3479 hoc
358 3416 465 3498 ipsum
489 3414 653 3499 ‘honesta
676 3414 851 3497 sapienter,
873 3413 974 3478 iuste'
998 3414 1039 3478 ad
1062 3416 1176 3499 volup-

165 3503 267 3566 tatem
289 3501 431 3568 referret.
476 3502 559 3579 Quid
581 3503 693 3567 melius
717 3524 812 3585 quam
837 3502 1002 3566 fortunam
1024 3502 1177 3588 exiguam
