2446 3944
462 188 702 252 -413-

83 346 240 413 Similiter
267 346 555 413 commemorandis
585 346 739 430 exemplis
772 347 936 418 orbitates,
961 369 1086 433 quoque
1105 367 1140 418 58

83 435 220 499 liberum
248 435 487 518 praedicantur,
514 455 699 518 eorumque,
726 434 782 517 qui
811 435 943 520 gravius
972 435 1088 521 ferunt,

82 522 186 586 luctus
210 522 348 587 aliorum
372 522 523 605 exemplis
546 520 722 604 leniuntur3
747 522 793 585 sic
815 522 982 605 perpessio
1005 527 1088 588 cete-

82 631 192 674 rorum
218 609 309 691 facit,
343 613 381 673 ut
406 631 457 690 ea,
488 631 570 693 quae
602 608 789 692 acciderint,
820 610 922 675 multo
954 610 1088 695 minora,

84 718 180 781 quam
203 700 324 781 quanta
348 698 414 761 sint
436 696 636 779 existimata,
658 695 834 761 videantur.
874 696 926 760 Ita
948 697 995 780 fit,
1017 720 1089 763 sen-

84 786 146 848 sim
179 785 398 869 cogitantibus
429 788 478 868 ut,
514 787 672 867 quantum
703 784 747 848 sit
778 784 934 848 ementita
970 786 1089 870 opinio,

85 876 247 955 appareat.
296 872 404 955 Atque
430 871 491 936 hoo
520 870 606 935 idem
633 874 667 935 et
691 871 823 935 Telamo
849 873 906 936 ille
933 872 1088 938 declarat:

150 981 231 1078 Ego
255 1016 337 1058 cum
360 993 474 1077 genui
490 1041 606 1059 ......

84 1121 118 1181 et
140 1117 296 1182 Theseus:

149 1237 315 1304 Futuras
338 1261 481 1305 mecum
504 1240 789 1304 odmmentabar
813 1236 991 1304 miserias

84 1366 117 1426 et
134 1361 359 1445 Anaxagoras:
384 1361 572 1428 ‘Sciebam
591 1384 647 1426 me
666 1361 848 1446 genuisse
866 1363 1088 1428 mortalem?

83 1449 128 1512 Hi
154 1450 239 1512 enim
266 1471 381 1515 omnes·
404 1450 460 1514 diu
482 1449 662 1534 cogitantes
690 1448 846 1514 derebus
871 1449 1020 1515 humanis
1043 1452 1089 1516 in·

84 1536 283 1619 tellegebant
310 1559 363 1602 eas
391 1559 594 1621 nequaqnam
625 1558 684 1620 pro
717 1536 868 1621 opinione
899 1539 988 1622 volgi
1020 1560 1090 1603 esse

85 1623 346 1688 extimescendas.
399 1624 444 1690 Flt
476 1625 557 1689 mihi
590 1624 718 1708 quidem
749 1624 875 1688 videtur
905 1625 991 1688 idem
1022 1626 1089 1690 fere

86 1710 227 1774 accidere
259 1711 312 1793 iis,
344 1712 399 1794 qui
431 1715 506 1776 ante
537 1712 746 1793 meditantur,
778 1712 863 1794 quod
889 1711 944 1797 iis,
976 1713 1090 1795 quibus

86 1797 231 1862 medetur
261 1797 342 1881 dies,
372 1799 436 1862 nisi
466 1799 551 1882 quod
578 1800 662 1864 ratio
693 1798 849 1883 quaedam
881 1801 976 1864 sanat
1006 1800 1091 1883 illos,

85 1885 145 1949 hos
180 1885 251 1968 ipsa
284 1890 401 1951 natura
436 1886 599 1951 intellecto
635 1907 686 1969 eo,
722 1886 807 1970 quod
838 1908 907 1950 rem
938 1887 1091 1971 continet,

86 1972 167 2036 illud
195 1973 329 2057 malum,
357 1973 442 2057 quod
465 1974 632 2056 opinatum
656 1973 700 2038 sit
723 1995 792 2039 esse
814 1995 1014 2059 maxumum,
1038 1996 1091 2038 ne·

86 2082 247 2144 quaquam
275 2081 344 2124 esse
371 2064 511 2143 tantum,
538 2066 574 2125 ut
597 2062 697 2126 vitam
724 2062 854 2126 beatam
875 2063 981 2145 possit
1004 2085 1090 2127 ever-

85 2152 164 2212 tere.
199 2147 270 2212 Hoc
293 2149 393 2232 igitur
411 2148 563 2232 efficitur,
585 2152 623 2212 ut
643 2170 681 2212 ex
703 2150 758 2213 illo
777 2150 970 2232 necopinato
992 2150 1091 2235 plaga
1109 2171 1143 2220 59

86 2236 189 2299 maior
213 2235 269 2318 sit,
290 2257 373 2318 non,
391 2239 429 2300 ut
450 2236 499 2300 illi
522 2239 652 2320 putant,
674 2239 724 2319 ut,
753 2258 826 2301 cum
849 2238 973 2301 duobus
996 2259 1090 2321 pares

86 2345 179 2387 casus
208 2323 385 2406 evenerint,
411 2323 440 2387 is
472 2323 566 2388 modo
599 2323 798 2406 aegritudine
830 2324 1008 2409 adficiatur,
1039 2326 1092 2388 cui

86 2410 142 2474 ille
173 2411 366 2493 necopinato
395 2431 488 2475 casus
515 2411 663 2475 evenerit.
707 2409 822 2494 Itaque
850 2410 999 2475 dicuntur
1026 2433 1093 2476 non

85 2497 168 2561 nulli
188 2498 223 2560 in
241 2518 398 2579 maerore,
421 2518 493 2562 cum
511 2497 549 2560 de
567 2497 628 2561 hac
647 2497 811 2561 communi
830 2497 999 2562 hominum
1017 2520 1091 2562 eon-

87 2584 212 2648 dicione
236 2585 445 2668 audivissent,
472 2606 510 2649 ea
533 2585 604 2669 lege
628 2605 698 2648 esse
719 2606 779 2649 nos
802 2587 912 2668 natos,
938 2589 975 2648 ut
997 2607 1091 2650 nemo

86 2672 333 2755 inperpetuum
356 2693 425 2736 esse
447 2675 559 2755 posset
582 2692 694 2755 expers
719 2670 811 2755 mali,
840 2671 970 2755 gravius
994 2673 1106 2752 etiam,

85 2759 208 2823 tulisse.

153 2847 309 2922 Quocirca
345 2846 540 2929 Carneades,
575 2850 613 2910 ut
642 2846 735 2910 video
769 2849 915 2910 nostrum
952 2845 1145 2916 scribere25

85 2933 297 3018 Antiochum,
315 2935 504 3018 reprendere
523 2931 741 3017 Chrysippum
760 2933 886 2997 solebat
906 2932 1090 2996 laudantem

85 3020 296 3104 Euripideum
319 3043 448 3086 carmen
469 3021 563 3085 illud:

129 3142 312 3208 Mortalis
334 3165 441 3208 nemo
466 3147 537 3227 est,
563 3144 670 3228 quern
686 3165 762 3208 non
785 3142 958 3226 attingAt
981 3141 1092 3207 dolor

130 3230 375 3314 Morbusque5
399 3231 531 3295 multis
555 3234 644 3295 sunt
665 3230 847 3294 humandi
870 3230 998 3312 liberi,

130 3317 293 3382 Rursum
312 3319 480 3401 creandi,
498 3320 673 3402 m6rsque
693 3320 751 3382 est
767 3317 885 3382 finita
902 3319 1091 3402 omnibus,

130 3404 233 3481 Quae
269 3405 403 3489 ge'neri
433 3405 596 3470 humano
630 3407 810 3490 angdrem
839 3405 1141 3696 ppquicqur

814 3494 833 3557 ai
883 3496 1003 3559 erunt.
