2446 3944
452 197 693 264 ,329-

74 359 277 425 tolerabilius
309 359 380 424 fieri
410 363 528 443 potest.
577 359 687 443 Atque
717 359 780 425 hoc
811 360 940 444 quidem
971 360 1079 426 videro

75 448 164 530 licet,
191 469 260 531 eos,
290 448 345 531 qui
368 450 465 512 antea
487 448 663 513 commodis
685 447 807 512 fuerint
834 449 992 534 moribus,
1019 448 1080 513 im-

74 535 173 619 perio,
195 539 372 620 potestate,
394 536 558 620 prosperis
580 536 677 601 rebus
699 536 882 617 inmutari[,
905 537 1015 622 sperni
1036 537 1078 601 ab

74 622 115 686 iis
147 628 271 688 veteres
303 623 477 706 amicitias,
508 623 669 707 indulgeri
695 624 812 705 novis].
857 623 941 699 Quid
970 628 1079 690 autem
1097 640 1132 692 oc

76 711 208 774 stultius
227 733 332 796 quam,
351 733 424 776 cum
442 712 618 797 plurimum
636 712 747 796 copiis,
768 711 990 797 facultatibus,
1013 713 1079 797 opi·

75 799 136 863 bus
167 800 308 883 possint,
338 803 446 866 cetera
476 822 605 884 parare,
636 822 718 883 quae
749 804 906 884 parantur
935 801 1079 885 pecunia,

76 907 185 970 equos,
205 885 354 971 famulos,
376 890 501 951 vestem
524 887 702 973 egregiam,
725 909 804 952 vasa
826 888 979 972 pretiosa,
1002 889 1079 953 ami-

75 996 130 1039 cos
152 996 218 1039 non
239 997 367 1060 parare,
395 979 563 1059 optumam
586 979 619 1039 et
641 975 893 1059 pulcherrimam
915 976 1015 1053 vitae,
1042 979 1080 1039 ut

75 1063 124 1126 ita
145 1062 261 1140 dicam,
289 1063 545 1147 supellectilem?
576 1063 696 1128 etenim
722 1067 830 1128 cetera
856 1085 929 1128 cum
951 1066 1079 1147 parant,

75 1150 127 1215 cui
148 1154 276 1233 parent,
302 1151 463 1233 nesciunt,
492 1173 551 1216 neo
579 1151 668 1216 cuius
695 1173 792 1216 causa
818 1151 968 1215 laborent
995 1147 1078 1235 (eius

75 1238 160 1302 enim
183 1241 234 1302 est
251 1239 389 1303 istorum
411 1239 560 1322 quidque,
582 1239 638 1322 qui
656 1238 734 1304 vicit
751 1235 900 1324 viribus),
923 1238 1079 1303 amicitia-

73 1348 146 1390 rum
169 1347 228 1391 sua
250 1327 363 1410 cuique
386 1330 554 1411 permanet
579 1326 708 1391 stabilis
731 1330 764 1390 et
787 1331 876 1391 certa
901 1326 1080 1410 possessi03

74 1418 124 1491 ut,
151 1415 280 1478 etiamsi
302 1415 360 1479 illa
382 1418 548 1496 maneant,
576 1436 657 1498 quae
681 1418 757 1479 sunt
779 1414 872 1498 quasi
896 1415 980 1478 dona
1001 1413 1078 1479 For-

73 1506 186 1584 tunae,
212 1505 323 1568 tamen
345 1503 414 1567 vita
440 1503 564 1568 inculta
590 1506 624 1566 et
650 1503 778 1566 deserta
805 1503 847 1567 ab
875 1502 986 1566 amicis
1013 1523 1079 1567 non

74 1590 178 1674 possit
201 1611 272 1654 esse
294 1590 441 1655 iucunda.
487 1587 549 1654 Sed
570 1591 650 1654 haec
672 1590 837 1654 hactenus.

141 1675 365 1742 constituendi
384 1682 492 1742 autem
510 1681 595 1762 sunt,
619 1677 675 1761 qui
692 1677 759 1742 sint
779 1677 815 1740 in
833 1677 976 1743 amicitia
997 1657 1131 1783 fines15{

74 1769 107 1829 et
131 1765 224 1848 quasi
245 1765 376 1830 termini
400 1765 563 1851 diligendi.
599 1765 648 1829 De
672 1765 789 1849 quibus
811 1769 879 1830 tres
897 1765 990 1831 video
1010 1787 1078 1832 sen·

73 1854 194 1917 tentias
215 1852 308 1936 ferri,
331 1875 467 1936 quarum
489 1854 613 1918 nullam
635 1853 753 1938 probo,
774 1875 886 1936 unam,
908 1857 945 1917 ut
966 1853 1078 1919 eodem

73 1941 170 2005 modo
198 1962 276 2026 erga
303 1942 442 2006 amicum
470 1941 588 2006 adfecti
615 1941 729 2025 simus,
757 1963 821 2024 quo
849 1961 927 2026 erga
949 1946 1078 2007 nosmet

74 2029 173 2113 ipsos,
197 2030 347 2113 alteram,
369 2033 406 2093 ut
428 2033 542 2095 nostra
564 2030 597 2093 in
621 2029 741 2094 amicos
764 2029 984 2094 benivolentia
1006 2031 1077 2096 illo-

73 2138 147 2181 rum
170 2137 248 2202 erga
269 2138 329 2180 nos
353 2117 590 2183 benivolentiae
617 2117 740 2201 pariter
766 2117 1008 2201 aequaliterque
1031 2139 1078 2182 re·

74 2204 244 2288 spondeat,
276 2205 421 2287 tertiam,
452 2209 501 2286 ut,
529 2206 643 2288 quanti
671 2205 805 2290 quisque
833 2226 867 2269 se
894 2205 964 2289 ipse
989 2204 1078 2287 facit,

73 2292 159 2356 tanti
181 2293 239 2356 fiat
263 2293 303 2356 ab
328 2293 447 2358 amicis
483 2292 608 2358 Harum
626 2293 726 2357 trium
745 2293 977 2357 sententiarum
994 2294 1077 2357 nulli
1096 2310 1130 2358 57

73 2401 206 2464 prorsus
230 2380 402 2444 adsentior.
441 2380 510 2446 Nec
532 2381 617 2445 enim
640 2381 699 2444 illa
721 2381 827 2464 prima
849 2403 926 2445 vera
949 2384 1007 2464 est,
1032 2385 1077 2464 ut,

74 2489 170 2551 quem
193 2467 234 2532 ad
257 2468 387 2532 modum
410 2468 445 2531 in
468 2490 502 2532 ss
524 2468 660 2551 quisque
682 2468 737 2548 sit,
760 2468 806 2532 sic
825 2468 860 2531 in
878 2468 1016 2533 amicum
1035 2469 1078 2533 sit

74 2555 245 2619 animatus
282 2554 387 2630 Quam
404 2555 508 2620 multa
526 2555 620 2638 enim,
643 2576 725 2638 quae
742 2559 856 2619 nostra
873 2577 970 2620 eausa
987 2578 1078 2621 num·

74 2664 172 2726 quam
194 2642 380 2726 faceremus,
404 2643 538 2708 facimus
561 2663 658 2707 causa
681 2641 869 2707 amicorum!
892 2644 1016 2725 precari
1035 2643 1076 2707 ab

73 2730 222 2816 indiguo,
250 2731 445 2816 supplicare,
473 2733 543 2795 tum
570 2729 716 2794 acerbius
743 2729 778 2793 in
805 2729 946 2813 aliquem
967 2729 1077 2794 invehi

74 2818 289 2902 insectarique
311 2818 546 2900 vehementius,
574 2839 655 2901 quae
682 2817 717 2880 in
743 2816 865 2881 uostris
893 2817 989 2881 rebus
1010 2837 1077 2882 non

74 2906 153 2970 satis
172 2906 318 2990 honeste,
334 2907 370 2970 in
388 2907 564 2971 amicorum
582 2906 664 2969 fiunt
682 2904 922 2987 honestissime3
943 2904 1077 2968 multae-

73 3015 209 3077 queres
233 2998 321 3078 sunt,
348 2994 383 3058 in
411 2995 526 3078 quibus
554 2994 593 3057 ds
621 2992 687 3057 suis
716 2991 892 3057 commodis
917 2991 977 3057 viri
999 2992 1077 3057 boni

73 3083 178 3146 multa
205 3082 379 3147 detrahunt
406 3081 596 3165 detrahique
627 3080 809 3164 patiuntur,
840 3083 878 3144 ut
908 3079 948 3143 iis
981 3080 1077 3145 amici

71 3170 182 3254 potius
206 3191 303 3252 quam
323 3170 386 3254 ipsi
404 3171 561 3235 fruantur.
597 3168 713 3233 Altera
731 3167 892 3233 sententia
914 3169 972 3251 est,
995 3189 1076 3251 quae
1095 3183 1128 3233 58

73 3257 185 3321 definit
204 3258 380 3322 amicitiem
398 3258 531 3342 paribus
551 3256 665 3322 officiis
685 3278 722 3321 ac
740 3254 973 3321 voluntatibus.
1005 3255 1076 3322 Hoc

34 3420 37 3426 Ι
72 3344 202 3427 quidem
223 3349 273 3409 est
295 3345 392 3408 nimis
415 3345 528 3429 exigue
547 3349 580 3409 et
598 3343 725 3408 exiliter
742 3344 784 3408 ad
802 3344 943 3409 calculos
961 3366 1076 3409 vocare

72 3432 262 3514 amicitiam,
289 3435 327 3495 ut
353 3453 413 3516 par
440 3433 484 3496 sit
511 3432 595 3498 ratio
624 3435 829 3515 acceptorum
856 3436 890 3497 et
917 3432 1075 3497 datorum.

71 3518 214 3583 Divitior
236 3519 317 3582 mihi
340 3523 373 3583 et
396 3518 581 3584 affluentior
602 3518 729 3584 videtur
747 3539 818 3584 esse
836 3541 912 3584 vera
932 3520 1076 3585 amicitia
1103 3538 1164 3719 ‹
