<?xml version="1.0" encoding="UTF-8"?>
<!DOCTYPE html PUBLIC "-//W3C//DTD XHTML 1.0 Transitional//EN"
    "http://www.w3.org/TR/xhtml1/DTD/xhtml1-transitional.dtd">
<html xmlns="http://www.w3.org/1999/xhtml" xml:lang="en" lang="en">
 <head>
  <title>
</title>
<meta http-equiv="Content-Type" content="text/html;charset=utf-8" />
  <meta name='ocr-system' content='tesseract 3.04.00' />
  <meta name='ocr-capabilities' content='ocr_page ocr_carea ocr_par ocr_line ocrx_word'/>
</head>
<body>
  <div class='ocr_page' id='page_1' title='image "./cicerosphilosop00cicegoog_0368.png"; bbox 0 0 2446 3944; ppageno 0'>
   <div class='ocr_carea' id='block_1_1' title="bbox 526 955 797 1058">
    <p class='ocr_par' dir='ltr' id='par_1_1' title="bbox 526 955 797 1058">
     <span class='ocr_line' id='line_1_1' title="bbox 526 955 797 1058; baseline 0 -23"><span class='ocrx_word' id='word_1_1' title='bbox 526 955 658 1057; x_wconf 66' lang='lat' dir='ltr'><strong>helice</strong></span> <span class='ocrx_word' id='word_1_2' title='bbox 687 956 797 1058; x_wconf 65' lang='lat' dir='ltr'><strong>aaa.</strong></span> 
     </span>
    </p>
   </div>
   <div class='ocr_carea' id='block_1_2' title="bbox 422 1161 884 1218">
    <p class='ocr_par' dir='ltr' id='par_1_2' title="bbox 422 1161 884 1218">
     <span class='ocr_line' id='line_1_2' title="bbox 422 1161 884 1218; baseline 0.002 -2"><span class='ocrx_word' id='word_1_3' title='bbox 422 1163 470 1216; x_wconf 85' lang='lat' dir='ltr'><strong>De</strong></span> <span class='ocrx_word' id='word_1_4' title='bbox 494 1161 743 1217; x_wconf 81' lang='lat' dir='ltr'><strong>contemnenda</strong></span> <span class='ocrx_word' id='word_1_5' title='bbox 765 1163 884 1218; x_wconf 78' lang='lat' dir='ltr'><strong>morte.</strong></span> 
     </span>
    </p>
   </div>
   <div class='ocr_carea' id='block_1_3' title="bbox 580 1300 776 1375">
    <p class='ocr_par' dir='ltr' id='par_1_3' title="bbox 580 1300 776 1375">
     <span class='ocr_line' id='line_1_3' title="bbox 580 1300 776 1375; baseline 0 -18"><span class='ocrx_word' id='word_1_6' title='bbox 580 1300 690 1375; x_wconf 82' lang='lat'><strong>1—4,</strong></span> <span class='ocrx_word' id='word_1_7' title='bbox 710 1300 739 1358; x_wconf 86' lang='lat' dir='ltr'><strong>a.</strong></span> <span class='ocrx_word' id='word_1_8' title='bbox 767 1321 776 1328; x_wconf 94' lang='lat'><em>-</em></span> 
     </span>
    </p>
   </div>
   <div class='ocr_carea' id='block_1_4' title="bbox 34 1434 1172 1608">
    <p class='ocr_par' dir='ltr' id='par_1_4' title="bbox 34 1434 1172 1608">
     <span class='ocr_line' id='line_1_4' title="bbox 218 1434 1172 1519; baseline 0.002 -18"><span class='ocrx_word' id='word_1_9' title='bbox 218 1436 318 1502; x_wconf 64' lang='lat' dir='ltr'><strong>hiereo</strong></span> <span class='ocrx_word' id='word_1_10' title='bbox 339 1435 413 1516; x_wconf 62' lang='lat' dir='ltr'><strong>cient</strong></span> <span class='ocrx_word' id='word_1_11' title='bbox 431 1436 504 1516; x_wconf 66' lang='lat' dir='ltr'><strong>letae</strong></span> <span class='ocrx_word' id='word_1_12' title='bbox 525 1434 634 1517; x_wconf 64' lang='lat' dir='ltr'><strong>uertat</strong></span> <span class='ocrx_word' id='word_1_13' title='bbox 652 1437 733 1516; x_wconf 79' lang='lat' dir='ltr'><strong>tuot,</strong></span> <span class='ocrx_word' id='word_1_14' title='bbox 747 1436 791 1501; x_wconf 82' lang='lat' dir='ltr'><strong>tie</strong></span> <span class='ocrx_word' id='word_1_15' title='bbox 810 1434 966 1518; x_wconf 63' lang='lat' dir='ltr'><strong>artopticio</strong></span> <span class='ocrx_word' id='word_1_16' title='bbox 979 1436 1172 1519; x_wconf 69' lang='lat' dir='ltr'><strong>lsshilolophie</strong></span> 
     </span>
     <span class='ocr_line' id='line_1_5' title="bbox 34 1524 1172 1608; baseline 0.002 -17"><span class='ocrx_word' id='word_1_17' title='bbox 34 1530 38 1535; x_wconf 82' lang='grc'><strong>’</strong></span> <span class='ocrx_word' id='word_1_18' title='bbox 151 1524 233 1605; x_wconf 63' lang='lat' dir='ltr'><strong>turo</strong></span> <span class='ocrx_word' id='word_1_19' title='bbox 246 1525 377 1606; x_wconf 66' lang='lat' dir='ltr'><strong>politice</strong></span> <span class='ocrx_word' id='word_1_20' title='bbox 387 1526 610 1608; x_wconf 55' lang='lat' dir='ltr'><strong>maritatarum</strong></span> <span class='ocrx_word' id='word_1_21' title='bbox 624 1526 677 1591; x_wconf 76' lang='lat' dir='ltr'><strong>ten</strong></span> <span class='ocrx_word' id='word_1_22' title='bbox 687 1525 815 1590; x_wconf 60' lang='lat' dir='ltr'><strong>litmaro</strong></span> <span class='ocrx_word' id='word_1_23' title='bbox 829 1524 992 1607; x_wconf 53' lang='lat' dir='ltr'><strong>septupli&amp;</strong></span> <span class='ocrx_word' id='word_1_24' title='bbox 1003 1544 1037 1606; x_wconf 63' lang='lat' dir='ltr'><strong>aa</strong></span> <span class='ocrx_word' id='word_1_25' title='bbox 1046 1525 1172 1608; x_wconf 60' lang='lat' dir='ltr'><strong>momen.</strong></span> 
     </span>
    </p>
   </div>
   <div class='ocr_carea' id='block_1_5' title="bbox 54 1769 1171 3647">
    <p class='ocr_par' dir='ltr' id='par_1_5' title="bbox 150 1769 1171 3454">
     <span class='ocr_line' id='line_1_6' title="bbox 219 1769 1171 1856; baseline 0.003 -22"><span class='ocrx_word' id='word_1_26' title='bbox 219 1769 300 1835; x_wconf 80' lang='lat' dir='ltr'><strong>Cum</strong></span> <span class='ocrx_word' id='word_1_27' title='bbox 324 1771 545 1836; x_wconf 84' lang='lat' dir='ltr'><strong>defensionum</strong></span> <span class='ocrx_word' id='word_1_28' title='bbox 572 1770 741 1836; x_wconf 77' lang='lat' dir='ltr'>laboribus</span> <span class='ocrx_word' id='word_1_29' title='bbox 770 1771 1004 1856; x_wconf 68' lang='lat' dir='ltr'><strong>senatoriisque</strong></span> <span class='ocrx_word' id='word_1_30' title='bbox 1029 1772 1171 1837; x_wconf 87' lang='lat' dir='ltr'><strong>muneri·</strong></span> 
     </span>
     <span class='ocr_line' id='line_1_7' title="bbox 150 1859 1170 1945; baseline 0.004 -23"><span class='ocrx_word' id='word_1_31' title='bbox 150 1859 211 1923; x_wconf 89' lang='lat' dir='ltr'><strong>bus</strong></span> <span class='ocrx_word' id='word_1_32' title='bbox 236 1862 293 1923; x_wconf 91' lang='lat' dir='ltr'><strong>aut</strong></span> <span class='ocrx_word' id='word_1_33' title='bbox 315 1860 450 1924; x_wconf 92' lang='lat' dir='ltr'><strong>omnino</strong></span> <span class='ocrx_word' id='word_1_34' title='bbox 475 1864 532 1923; x_wconf 89' lang='lat' dir='ltr'><strong>aut</strong></span> <span class='ocrx_word' id='word_1_35' title='bbox 554 1881 674 1944; x_wconf 86' lang='lat' dir='ltr'><strong>magna</strong></span> <span class='ocrx_word' id='word_1_36' title='bbox 693 1881 731 1924; x_wconf 88' lang='lat' dir='ltr'><strong>ex</strong></span> <span class='ocrx_word' id='word_1_37' title='bbox 750 1864 844 1945; x_wconf 88' lang='lat' dir='ltr'><strong>parte</strong></span> <span class='ocrx_word' id='word_1_38' title='bbox 868 1882 971 1925; x_wconf 90' lang='lat' dir='ltr'><strong>essem</strong></span> <span class='ocrx_word' id='word_1_39' title='bbox 992 1861 1170 1945; x_wconf 87' lang='lat' dir='ltr'><strong>aliquando</strong></span> 
     </span>
     <span class='ocr_line' id='line_1_8' title="bbox 151 1947 1169 2032; baseline 0.004 -21"><span class='ocrx_word' id='word_1_40' title='bbox 151 1947 323 2032; x_wconf 87' lang='lat' dir='ltr'><strong>liberatus,</strong></span> <span class='ocrx_word' id='word_1_41' title='bbox 350 1948 462 2013; x_wconf 86' lang='lat' dir='ltr'><strong>rettuli</strong></span> <span class='ocrx_word' id='word_1_42' title='bbox 485 1969 550 2030; x_wconf 95' lang='lat' dir='ltr'><strong>me,</strong></span> <span class='ocrx_word' id='word_1_43' title='bbox 577 1947 693 2032; x_wconf 80' lang='lat' dir='ltr'>Brute,</span> <span class='ocrx_word' id='word_1_44' title='bbox 721 1952 754 2013; x_wconf 91' lang='lat' dir='ltr'><strong>te</strong></span> <span class='ocrx_word' id='word_1_45' title='bbox 781 1949 935 2015; x_wconf 75' lang='lat' dir='ltr'><strong>hortante</strong></span> <span class='ocrx_word' id='word_1_46' title='bbox 963 1950 1103 2013; x_wconf 85' lang='lat' dir='ltr'><strong>maxime</strong></span> <span class='ocrx_word' id='word_1_47' title='bbox 1127 1951 1169 2015; x_wconf 87' lang='lat' dir='ltr'><strong>ad</strong></span> 
     </span>
     <span class='ocr_line' id='line_1_9' title="bbox 152 2036 1171 2124; baseline 0.004 -25"><span class='ocrx_word' id='word_1_48' title='bbox 152 2057 190 2100; x_wconf 92' lang='lat' dir='ltr'><strong>ea</strong></span> <span class='ocrx_word' id='word_1_49' title='bbox 218 2036 338 2120; x_wconf 90' lang='lat' dir='ltr'><strong>studia,</strong></span> <span class='ocrx_word' id='word_1_50' title='bbox 371 2057 454 2121; x_wconf 90' lang='lat' dir='ltr'><strong>quae</strong></span> <span class='ocrx_word' id='word_1_51' title='bbox 480 2039 609 2101; x_wconf 90' lang='lat' dir='ltr'><strong>retenta</strong></span> <span class='ocrx_word' id='word_1_52' title='bbox 636 2036 758 2121; x_wconf 83' lang='lat' dir='ltr'><strong>animo,</strong></span> <span class='ocrx_word' id='word_1_53' title='bbox 791 2037 928 2102; x_wconf 84' lang='lat' dir='ltr'><strong>remissa</strong></span> <span class='ocrx_word' id='word_1_54' title='bbox 958 2038 1171 2124; x_wconf 80' lang='lat' dir='ltr'><strong>temporibus,</strong></span> 
     </span>
     <span class='ocr_line' id='line_1_10' title="bbox 151 2123 1171 2210; baseline 0.003 -22"><span class='ocrx_word' id='word_1_55' title='bbox 151 2125 250 2210; x_wconf 82' lang='lat' dir='ltr'><strong>longo</strong></span> <span class='ocrx_word' id='word_1_56' title='bbox 274 2123 447 2190; x_wconf 90' lang='lat' dir='ltr'><strong>intervallo</strong></span> <span class='ocrx_word' id='word_1_57' title='bbox 470 2124 660 2190; x_wconf 86' lang='lat' dir='ltr'><strong>intermissa</strong></span> <span class='ocrx_word' id='word_1_58' title='bbox 682 2127 846 2208; x_wconf 84' lang='lat' dir='ltr'><strong>revocavi,</strong></span> <span class='ocrx_word' id='word_1_59' title='bbox 869 2129 901 2189; x_wconf 88' lang='lat' dir='ltr'><strong>et</strong></span> <span class='ocrx_word' id='word_1_60' title='bbox 925 2147 997 2191; x_wconf 85' lang='lat' dir='ltr'><strong>curn</strong></span> <span class='ocrx_word' id='word_1_61' title='bbox 1022 2127 1171 2191; x_wconf 91' lang='lat' dir='ltr'><strong>omnium</strong></span> 
     </span>
     <span class='ocr_line' id='line_1_11' title="bbox 152 2214 1171 2300; baseline 0.004 -24"><span class='ocrx_word' id='word_1_62' title='bbox 152 2215 285 2297; x_wconf 87' lang='lat' dir='ltr'><strong>artium,</strong></span> <span class='ocrx_word' id='word_1_63' title='bbox 323 2234 404 2296; x_wconf 88' lang='lat' dir='ltr'><strong>quae</strong></span> <span class='ocrx_word' id='word_1_64' title='bbox 442 2214 481 2278; x_wconf 89' lang='lat' dir='ltr'><strong>ad</strong></span> <span class='ocrx_word' id='word_1_65' title='bbox 514 2217 635 2279; x_wconf 89' lang='lat' dir='ltr'><strong>rectam</strong></span> <span class='ocrx_word' id='word_1_66' title='bbox 673 2214 801 2279; x_wconf 85' lang='lat' dir='ltr'><strong>vivendi</strong></span> <span class='ocrx_word' id='word_1_67' title='bbox 836 2214 922 2279; x_wconf 90' lang='lat' dir='ltr'><strong>viam</strong></span> <span class='ocrx_word' id='word_1_68' title='bbox 958 2216 1171 2300; x_wconf 85' lang='lat' dir='ltr'><strong>pertinerent,</strong></span> 
     </span>
     <span class='ocr_line' id='line_1_12' title="bbox 152 2300 1171 2388; baseline 0.006 -24"><span class='ocrx_word' id='word_1_69' title='bbox 152 2300 238 2366; x_wconf 90' lang='lat' dir='ltr'><strong>ratio</strong></span> <span class='ocrx_word' id='word_1_70' title='bbox 262 2304 295 2365; x_wconf 91' lang='lat' dir='ltr'><strong>et</strong></span> <span class='ocrx_word' id='word_1_71' title='bbox 319 2301 490 2385; x_wconf 89' lang='lat' dir='ltr'><strong>disciplina</strong></span> <span class='ocrx_word' id='word_1_72' title='bbox 513 2302 619 2367; x_wconf 89' lang='lat' dir='ltr'><strong>studio</strong></span> <span class='ocrx_word' id='word_1_73' title='bbox 644 2303 833 2387; x_wconf 85' lang='lat' dir='ltr'><strong>sapientiae,</strong></span> <span class='ocrx_word' id='word_1_74' title='bbox 857 2325 938 2388; x_wconf 91' lang='lat' dir='ltr'><strong>quae</strong></span> <span class='ocrx_word' id='word_1_75' title='bbox 960 2303 1171 2388; x_wconf 89' lang='lat' dir='ltr'><strong>philosophia</strong></span> 
     </span>
     <span class='ocr_line' id='line_1_13' title="bbox 152 2389 1170 2475; baseline 0.004 -22"><span class='ocrx_word' id='word_1_76' title='bbox 152 2389 285 2474; x_wconf 87' lang='lat' dir='ltr'><strong>dicitur,</strong></span> <span class='ocrx_word' id='word_1_77' title='bbox 314 2391 548 2475; x_wconf 83' lang='lat' dir='ltr'><strong>contineretur,</strong></span> <span class='ocrx_word' id='word_1_78' title='bbox 579 2391 642 2456; x_wconf 90' lang='lat' dir='ltr'><strong>hoo</strong></span> <span class='ocrx_word' id='word_1_79' title='bbox 674 2390 756 2455; x_wconf 91' lang='lat' dir='ltr'><strong>mihi</strong></span> <span class='ocrx_word' id='word_1_80' title='bbox 781 2390 907 2456; x_wconf 86' lang='lat' dir='ltr'><strong>Latinis</strong></span> <span class='ocrx_word' id='word_1_81' title='bbox 938 2391 1057 2457; x_wconf 88' lang='lat' dir='ltr'><strong>litteris</strong></span> <span class='ocrx_word' id='word_1_82' title='bbox 1085 2394 1170 2458; x_wconf 91' lang='lat' dir='ltr'><strong>inlu·</strong></span> 
     </span>
     <span class='ocr_line' id='line_1_14' title="bbox 152 2477 1171 2565; baseline 0.002 -22"><span class='ocrx_word' id='word_1_83' title='bbox 152 2477 319 2544; x_wconf 87' lang='lat' dir='ltr'><strong>strandum</strong></span> <span class='ocrx_word' id='word_1_84' title='bbox 350 2480 477 2565; x_wconf 89' lang='lat' dir='ltr'><strong>putavi,</strong></span> <span class='ocrx_word' id='word_1_85' title='bbox 512 2501 580 2544; x_wconf 91' lang='lat' dir='ltr'><strong>non</strong></span> <span class='ocrx_word' id='word_1_86' title='bbox 616 2480 692 2564; x_wconf 91' lang='lat' dir='ltr'><strong>quia</strong></span> <span class='ocrx_word' id='word_1_87' title='bbox 728 2480 938 2565; x_wconf 91' lang='lat' dir='ltr'><strong>philosophia</strong></span> <span class='ocrx_word' id='word_1_88' title='bbox 971 2480 1102 2545; x_wconf 86' lang='lat' dir='ltr'><strong>Graecis</strong></span> <span class='ocrx_word' id='word_1_89' title='bbox 1136 2487 1171 2546; x_wconf 85' lang='lat' dir='ltr'><strong>et</strong></span> 
     </span>
     <span class='ocr_line' id='line_1_15' title="bbox 151 2567 1170 2653; baseline 0.004 -23"><span class='ocrx_word' id='word_1_90' title='bbox 151 2567 274 2633; x_wconf 89' lang='lat' dir='ltr'><strong>litteris</strong></span> <span class='ocrx_word' id='word_1_91' title='bbox 303 2573 336 2633; x_wconf 88' lang='lat' dir='ltr'><strong>et</strong></span> <span class='ocrx_word' id='word_1_92' title='bbox 363 2568 550 2634; x_wconf 86' lang='lat' dir='ltr'><strong>doctoribus</strong></span> <span class='ocrx_word' id='word_1_93' title='bbox 578 2568 702 2652; x_wconf 84' lang='lat' dir='ltr'><strong>percipi</strong></span> <span class='ocrx_word' id='word_1_94' title='bbox 729 2591 795 2634; x_wconf 89' lang='lat' dir='ltr'><strong>non</strong></span> <span class='ocrx_word' id='word_1_95' title='bbox 822 2574 948 2653; x_wconf 87' lang='lat' dir='ltr'><strong>posset,</strong></span> <span class='ocrx_word' id='word_1_96' title='bbox 976 2570 1031 2634; x_wconf 90' lang='lat' dir='ltr'><strong>sed</strong></span> <span class='ocrx_word' id='word_1_97' title='bbox 1060 2592 1170 2634; x_wconf 92' lang='lat' dir='ltr'><strong>meum</strong></span> 
     </span>
     <span class='ocr_line' id='line_1_16' title="bbox 152 2656 1170 2743; baseline 0.003 -23"><span class='ocrx_word' id='word_1_98' title='bbox 152 2678 279 2740; x_wconf 89' lang='lat' dir='ltr'><strong>semper</strong></span> <span class='ocrx_word' id='word_1_99' title='bbox 302 2656 455 2722; x_wconf 89' lang='lat' dir='ltr'><strong>iudicium</strong></span> <span class='ocrx_word' id='word_1_100' title='bbox 477 2656 542 2722; x_wconf 89' lang='lat' dir='ltr'><strong>fuit</strong></span> <span class='ocrx_word' id='word_1_101' title='bbox 565 2658 674 2722; x_wconf 88' lang='lat' dir='ltr'><strong>omnia</strong></span> <span class='ocrx_word' id='word_1_102' title='bbox 697 2661 829 2722; x_wconf 88' lang='lat' dir='ltr'><strong>nostros</strong></span> <span class='ocrx_word' id='word_1_103' title='bbox 854 2661 910 2722; x_wconf 89' lang='lat' dir='ltr'><strong>aut</strong></span> <span class='ocrx_word' id='word_1_104' title='bbox 929 2658 1092 2724; x_wconf 89' lang='lat' dir='ltr'><strong>invenisse</strong></span> <span class='ocrx_word' id='word_1_105' title='bbox 1112 2681 1170 2743; x_wconf 87' lang='lat' dir='ltr'><strong>per</strong></span> 
     </span>
     <span class='ocr_line' id='line_1_17' title="bbox 153 2744 1170 2831; baseline 0.002 -21"><span class='ocrx_word' id='word_1_106' title='bbox 153 2766 187 2810; x_wconf 90' lang='lat' dir='ltr'><strong>se</strong></span> <span class='ocrx_word' id='word_1_107' title='bbox 208 2745 387 2831; x_wconf 89' lang='lat' dir='ltr'><strong>sapientius</strong></span> <span class='ocrx_word' id='word_1_108' title='bbox 407 2767 504 2829; x_wconf 86' lang='lat' dir='ltr'><strong>quam</strong></span> <span class='ocrx_word' id='word_1_109' title='bbox 519 2744 659 2811; x_wconf 87' lang='lat' dir='ltr'><strong>Graecos</strong></span> <span class='ocrx_word' id='word_1_110' title='bbox 679 2752 734 2810; x_wconf 89' lang='lat' dir='ltr'><strong>aut</strong></span> <span class='ocrx_word' id='word_1_111' title='bbox 753 2751 886 2830; x_wconf 87' lang='lat' dir='ltr'><strong>accepta</strong></span> <span class='ocrx_word' id='word_1_112' title='bbox 905 2748 946 2812; x_wconf 94' lang='lat' dir='ltr'><strong>ab</strong></span> <span class='ocrx_word' id='word_1_113' title='bbox 966 2747 1033 2812; x_wconf 89' lang='lat' dir='ltr'><strong>illis</strong></span> <span class='ocrx_word' id='word_1_114' title='bbox 1052 2747 1170 2812; x_wconf 86' lang='lat' dir='ltr'><strong>fecisse</strong></span> 
     </span>
     <span class='ocr_line' id='line_1_18' title="bbox 151 2833 1168 2921; baseline 0.005 -24"><span class='ocrx_word' id='word_1_115' title='bbox 151 2833 301 2916; x_wconf 88' lang='lat' dir='ltr'><strong>meliora,</strong></span> <span class='ocrx_word' id='word_1_116' title='bbox 334 2856 415 2917; x_wconf 89' lang='lat' dir='ltr'><strong>quae</strong></span> <span class='ocrx_word' id='word_1_117' title='bbox 449 2834 579 2918; x_wconf 89' lang='lat' dir='ltr'><strong>quidem</strong></span> <span class='ocrx_word' id='word_1_118' title='bbox 611 2835 709 2920; x_wconf 83' lang='lat' dir='ltr'><strong>digna</strong></span> <span class='ocrx_word' id='word_1_119' title='bbox 741 2835 946 2921; x_wconf 87' lang='lat' dir='ltr'><strong>statuissent,</strong></span> <span class='ocrx_word' id='word_1_120' title='bbox 983 2836 1019 2899; x_wconf 93' lang='lat' dir='ltr'><strong>in</strong></span> <span class='ocrx_word' id='word_1_121' title='bbox 1049 2837 1168 2920; x_wconf 90' lang='lat' dir='ltr'><strong>quibus</strong></span> 
     </span>
     <span class='ocr_line' id='line_1_19' title="bbox 151 2920 1169 3010; baseline 0.005 -25"><span class='ocrx_word' id='word_1_122' title='bbox 151 2922 365 2987; x_wconf 87' lang='lat' dir='ltr'><strong>elaborarent.</strong></span> <span class='ocrx_word' id='word_1_123' title='bbox 420 2920 507 2988; x_wconf 90' lang='lat' dir='ltr'><strong>Nam</strong></span> <span class='ocrx_word' id='word_1_124' title='bbox 539 2944 646 2988; x_wconf 87' lang='lat' dir='ltr'><strong>mores</strong></span> <span class='ocrx_word' id='word_1_125' title='bbox 679 2927 712 2988; x_wconf 93' lang='lat' dir='ltr'><strong>et</strong></span> <span class='ocrx_word' id='word_1_126' title='bbox 743 2922 895 2988; x_wconf 88' lang='lat' dir='ltr'><strong>instituta</strong></span> <span class='ocrx_word' id='word_1_127' title='bbox 931 2924 1020 2989; x_wconf 88' lang='lat' dir='ltr'><strong>vitae</strong></span> <span class='ocrx_word' id='word_1_128' title='bbox 1052 2946 1169 3010; x_wconf 90' lang='lat' dir='ltr'><strong>resque</strong></span> 
     </span>
     <span class='ocr_line' id='line_1_20' title="bbox 152 3009 1171 3096; baseline 0.004 -21"><span class='ocrx_word' id='word_1_129' title='bbox 152 3009 402 3076; x_wconf 75' lang='lat' dir='ltr'><strong>domesticasse</strong></span> <span class='ocrx_word' id='word_1_130' title='bbox 419 3011 590 3077; x_wconf 88' lang='lat' dir='ltr'><strong>familiaris</strong></span> <span class='ocrx_word' id='word_1_131' title='bbox 609 3033 669 3077; x_wconf 90' lang='lat' dir='ltr'><strong>nos</strong></span> <span class='ocrx_word' id='word_1_132' title='bbox 688 3012 834 3096; x_wconf 87' lang='lat' dir='ltr'><strong>profecto</strong></span> <span class='ocrx_word' id='word_1_133' title='bbox 853 3016 886 3076; x_wconf 91' lang='lat' dir='ltr'><strong>et</strong></span> <span class='ocrx_word' id='word_1_134' title='bbox 904 3014 1019 3078; x_wconf 89' lang='lat' dir='ltr'><strong>melius</strong></span> <span class='ocrx_word' id='word_1_135' title='bbox 1038 3017 1171 3079; x_wconf 87' lang='lat' dir='ltr'><strong>tuemur</strong></span> 
     </span>
     <span class='ocr_line' id='line_1_21' title="bbox 151 3100 1169 3185; baseline 0.005 -22"><span class='ocrx_word' id='word_1_136' title='bbox 151 3102 184 3163; x_wconf 92' lang='lat' dir='ltr'><strong>et</strong></span> <span class='ocrx_word' id='word_1_137' title='bbox 211 3100 347 3185; x_wconf 89' lang='lat' dir='ltr'><strong>lautius,</strong></span> <span class='ocrx_word' id='word_1_138' title='bbox 378 3113 447 3164; x_wconf 80' lang='lat' dir='ltr'><strong>rein</strong></span> <span class='ocrx_word' id='word_1_139' title='bbox 478 3121 554 3165; x_wconf 88' lang='lat' dir='ltr'><strong>vero</strong></span> <span class='ocrx_word' id='word_1_140' title='bbox 585 3100 748 3183; x_wconf 87' lang='lat' dir='ltr'><strong>publicam</strong></span> <span class='ocrx_word' id='word_1_141' title='bbox 777 3101 882 3166; x_wconf 90' lang='lat' dir='ltr'><strong>nostri</strong></span> <span class='ocrx_word' id='word_1_142' title='bbox 912 3102 1052 3168; x_wconf 86' lang='lat' dir='ltr'><strong>maiores</strong></span> <span class='ocrx_word' id='word_1_143' title='bbox 1081 3107 1169 3169; x_wconf 87' lang='lat' dir='ltr'><strong>certe</strong></span> 
     </span>
     <span class='ocr_line' id='line_1_22' title="bbox 151 3187 1170 3277; baseline 0.007 -28"><span class='ocrx_word' id='word_1_144' title='bbox 151 3187 342 3253; x_wconf 89' lang='lat' dir='ltr'><strong>melioribus</strong></span> <span class='ocrx_word' id='word_1_145' title='bbox 361 3192 624 3272; x_wconf 83' lang='lat' dir='ltr'><strong>temperaverunt</strong></span> <span class='ocrx_word' id='word_1_146' title='bbox 638 3192 672 3253; x_wconf 91' lang='lat' dir='ltr'><strong>et</strong></span> <span class='ocrx_word' id='word_1_147' title='bbox 685 3188 845 3255; x_wconf 89' lang='lat' dir='ltr'><strong>institutis</strong></span> <span class='ocrx_word' id='word_1_148' title='bbox 861 3194 893 3254; x_wconf 90' lang='lat' dir='ltr'><strong>et</strong></span> <span class='ocrx_word' id='word_1_149' title='bbox 908 3190 1046 3277; x_wconf 82' lang='lat' dir='ltr'><strong>legibus.</strong></span> <span class='ocrx_word' id='word_1_150' title='bbox 1084 3189 1170 3269; x_wconf 82' lang='lat' dir='ltr'><strong>Quid</strong></span> 
     </span>
     <span class='ocr_line' id='line_1_23' title="bbox 151 3275 1171 3362; baseline 0.006 -24"><span class='ocrx_word' id='word_1_151' title='bbox 151 3275 266 3358; x_wconf 90' lang='lat' dir='ltr'><strong>loquar</strong></span> <span class='ocrx_word' id='word_1_152' title='bbox 289 3277 327 3340; x_wconf 88' lang='lat' dir='ltr'><strong>de</strong></span> <span class='ocrx_word' id='word_1_153' title='bbox 350 3299 385 3341; x_wconf 88' lang='lat' dir='ltr'><strong>re</strong></span> <span class='ocrx_word' id='word_1_154' title='bbox 404 3277 560 3341; x_wconf 85' lang='lat' dir='ltr'><strong>militari?</strong></span> <span class='ocrx_word' id='word_1_155' title='bbox 583 3277 617 3340; x_wconf 90' lang='lat' dir='ltr'><strong>in</strong></span> <span class='ocrx_word' id='word_1_156' title='bbox 641 3299 705 3362; x_wconf 89' lang='lat' dir='ltr'><strong>qua</strong></span> <span class='ocrx_word' id='word_1_157' title='bbox 728 3299 800 3344; x_wconf 87' lang='lat' dir='ltr'><strong>cum</strong></span> <span class='ocrx_word' id='word_1_158' title='bbox 820 3279 941 3344; x_wconf 89' lang='lat' dir='ltr'><strong>virtute</strong></span> <span class='ocrx_word' id='word_1_159' title='bbox 964 3280 1070 3344; x_wconf 88' lang='lat' dir='ltr'><strong>nostri</strong></span> <span class='ocrx_word' id='word_1_160' title='bbox 1088 3281 1171 3346; x_wconf 90' lang='lat' dir='ltr'><strong>mul-</strong></span> 
     </span>
     <span class='ocr_line' id='line_1_24' title="bbox 152 3365 1171 3454; baseline 0.008 -28"><span class='ocrx_word' id='word_1_161' title='bbox 152 3365 221 3426; x_wconf 91' lang='lat' dir='ltr'><strong>tum</strong></span> <span class='ocrx_word' id='word_1_162' title='bbox 245 3366 429 3450; x_wconf 90' lang='lat' dir='ltr'><strong>valuerunt,</strong></span> <span class='ocrx_word' id='word_1_163' title='bbox 456 3368 525 3430; x_wconf 88' lang='lat' dir='ltr'><strong>tum</strong></span> <span class='ocrx_word' id='word_1_164' title='bbox 552 3366 627 3448; x_wconf 90' lang='lat' dir='ltr'><strong>plus</strong></span> <span class='ocrx_word' id='word_1_165' title='bbox 656 3365 754 3431; x_wconf 90' lang='lat' dir='ltr'><strong>etiam</strong></span> <span class='ocrx_word' id='word_1_166' title='bbox 779 3367 959 3452; x_wconf 91' lang='lat' dir='ltr'><strong>disciplina.</strong></span> <span class='ocrx_word' id='word_1_167' title='bbox 1004 3368 1078 3432; x_wconf 89' lang='lat' dir='ltr'><strong>Iam</strong></span> <span class='ocrx_word' id='word_1_168' title='bbox 1101 3369 1171 3454; x_wconf 89' lang='lat' dir='ltr'><strong>illa,</strong></span> 
     </span>
    </p>

    <p class='ocr_par' dir='ltr' id='par_1_6' title="bbox 54 3453 1171 3647">
     <span class='ocr_line' id='line_1_25' title="bbox 54 3453 1171 3647; baseline 0.011 -134"><span class='ocrx_word' id='word_1_169' title='bbox 54 3471 233 3647; x_wconf 44' lang='lat' dir='ltr'><strong>&#39;quae</strong></span> <span class='ocrx_word' id='word_1_170' title='bbox 259 3455 392 3539; x_wconf 87' lang='lat' dir='ltr'><strong>natura,</strong></span> <span class='ocrx_word' id='word_1_171' title='bbox 423 3475 489 3519; x_wconf 92' lang='lat' dir='ltr'><strong>non</strong></span> <span class='ocrx_word' id='word_1_172' title='bbox 522 3453 640 3520; x_wconf 89' lang='lat' dir='ltr'><strong>litteris</strong></span> <span class='ocrx_word' id='word_1_173' title='bbox 668 3454 815 3522; x_wconf 87' lang='lat' dir='ltr'><strong>adsecuti</strong></span> <span class='ocrx_word' id='word_1_174' title='bbox 841 3461 931 3540; x_wconf 91' lang='lat' dir='ltr'><strong>sunt,</strong></span> <span class='ocrx_word' id='word_1_175' title='bbox 962 3477 1067 3542; x_wconf 91' lang='lat' dir='ltr'><strong>neque</strong></span> <span class='ocrx_word' id='word_1_176' title='bbox 1095 3478 1171 3524; x_wconf 87' lang='lat' dir='ltr'><strong>oum</strong></span> 
     </span>
    </p>
   </div>
   <div class='ocr_carea' id='block_1_6' title="bbox 0 0 1229 3944">
    <p class='ocr_par' dir='ltr' id='par_1_7' title="bbox 0 0 1229 3944">
     <span class='ocr_line' id='line_1_26' title="bbox 0 0 1229 3944; baseline 0 0"><span class='ocrx_word' id='word_1_177' title='bbox 0 0 1229 3944; x_wconf 95' lang='lat' dir='ltr'><strong> </strong></span> 
     </span>
    </p>
   </div>
  </div>
 </body>
</html>
