2446 3944
456 202 698 268 -113-

76 363 357 430 exercitationibus
380 365 535 450 corporis.
581 364 774 430 Adhibenda
800 369 968 451 praeterea
990 386 1080 431 mun·

76 450 155 516 ditia
181 455 231 516 est
256 474 324 518 non
350 453 463 518 odiosa
488 473 593 536 neque
623 453 783 537 exquisita
809 454 920 538 nimis,
950 457 1079 518 tantum

76 560 156 622 quae
188 539 296 625 fugiat
327 545 490 626 agrestem
522 543 555 605 et
586 540 798 606 inhumanam
828 541 1079 627 neglegentiam.

75 625 196 692 Eadem
222 629 307 693 ratio
336 632 392 692 est‘
412 628 561 693 habenda
586 629 741 712 vestitus,
768 630 803 694 in
831 652 907 713 quo,
934 630 1018 694 sieut
1044 629 1080 693 in

75 714 237 799 plerisque
259 715 369 800 rebus,
397 716 602 781 mediocritas
628 716 752 800 optima
775 720 833 781 est.
877 715 1065 782 Cavendum
1082 731 1129 781 131

76 805 183 867 autem
214 806 277 887 est,
307 825 348 868 ne
380 807 436 869 aut
466 802 677 868 tarditatibus
709 807 840 869 utamur
868 806 904 870 iu
930 805 1080 891 ingressu

75 890 287 975 mollioribus,
309 896 347 956 ut
369 912 562 975 pomparum
583 891 715 956 ferculis
739 892 863 957 similes
884 913 955 957 esse
975 891 1080 957 videa·

75 999 156 1062 mur,
179 981 235 1044 aut
256 978 578 1045 infestinationibus
602 979 814 1063 suscipiamus
836 979 953 1044 nimias
971 979 1081 1045 eeleri-

75 1068 173 1149 tates,
207 1087 290 1150 quae
323 1089 395 1132 oum
427 1067 525 1151 fiunt,
556 1067 719 1131 anhelitus
751 1070 935 1150 mouentur,
970 1066 1080 1130 vultus

76 1156 257 1238 mutantur,
288 1176 346 1220 ora
377 1158 583 1238 torquentum
616 1175 655 1218 ex
686 1153 804 1237 quibus
835 1173 955 1238 magna
982 1153 1081 1238 signi-

75 1241 183 1306 ficatio
206 1243 244 1305 fit
266 1264 333 1307 non
355 1243 468 1307 edesse
496 1242 724 1306 constantiam.
769 1239 832 1306 Sed
855 1241 959 1305 multo
982 1241 1081 1304 etiam

76 1328 181 1414 magis
208 1329 441 1394 elaborandum
473 1333 536 1412 est,
568 1351 608 1393 ne
641 1329 742 1394 animi
773 1332 881 1394 motus
913 1351 932 1392 a
963 1331 1082 1392 natura

75 1416 239 1501 recedant3
258 1416 344 1500 quod
362 1439 578 1501 assequemur,
597 1416 625 1481 si
644 1417 837 1500 cavebimus,
855 1437 895 1480 ne
908 1415 944 1479 in
956 1418 1082 1498 pertur-

75 1503 224 1568 bationes
240 1509 339 1588 atque
357 1505 613 1570 exanimationes
631 1504 819 1585 incidamus,
838 1506 873 1566 et
891 1503 920 1567 si
938 1505 1081 1566 attentos

67 1592 202 1677 ,animos
225 1593 267 1656 ad
289 1593 411 1657 decoris
435 1591 714 1657 conservationem
732 1591 923 1656 tenebimus.
958 1589 1133 1654 Motus131

76 1683 185 1744 autem
216 1680 397 1744 animorum
430 1679 573 1762 duplices
606 1682 697 1762 sunt,
734 1679 830 1744 alteri
864 1677 1081 1763 cogitationis,

77 1767 172 1831 alteri
191 1767 368 1852 appetitus,
392 1767 549 1853 cogitatio
566 1766 603 1830 in
618 1787 695 1831 vero
719 1765 914 1849 exquirendo
933 1786 1082 1830 maxume

76 1857 238 1938 versatur,
266 1855 430 1939 appetitus
457 1853 587 1938 inpellit
614 1853 655 1917 ed
682 1854 851 1939 agendum.
896 1851 1081 1918 Curandum

77 1944 127 2006 111
152 1941 267 2028 igitur,
294 1946 332 2006 ut
354 1943 553 2028 cogitatione
575 1941 617 2006 ad
639 1963 690 2005 res
718 1963 815 2025 quam
838 1944 989 2024 optumas
1012 1944 1082 2006 uta-

78 2050 163 2113 mur,
186 2029 369 2114 appetitum
390 2029 511 2094 rationi
534 2028 757 2094 oboedientem
779 2029 1001 2113 praebeamus.

143 2117 187 2183 Et
205 2119 358 2202 quoniam
376 2137 496 2202 magna
513 2117 563 2180 vis
583 2117 739 2182 orationis
758 2120 817 2200 est,
836 2138 936 2199 eaque
955 2114 1134 2200 duplex,3l

78 2204 181 2270 altera
194 2206 420 2288 contentionis,
440 2205 544 2269 altera
558 2205 724 2288 sermonis,
743 2205 907 2269 eontentio
926 2203 1083 2288 discepta-

77 2291 219 2356 tionibus
229 2294 393 2358 tribuatur
401 2292 601 2375 iudiciorum,
611 2292 807 2375 contionum,
821 2295 962 2374 senatus,
977 2313 1082 2356 sermo

76 2378 113 2442 in
124 2378 262 2464 circulis,
276 2379 560 2465 disputationibus,
577 2380 858 2464 congressionibus
872 2378 1083 2444 familiarium

77 2471 232 2551 versetur,
256 2471 409 2551 sequatur
431 2467 532 2531 etiam
555 2467 710 2532 convivia.
747 2465 972 2533 Contentionis
992 2487 1083 2550 prae·

77 2557 172 2637 cepta
188 2556 357 2620 rhetorum
375 2557 460 2637 sunt,
481 2553 574 2618 nulla
592 2554 758 2638 sermonis,
782 2575 979 2638 quamquam
996 2553 1083 2617 haud

77 2642 144 2705 scio
177 2664 219 2706 an
249 2643 378 2727 possint
407 2641 488 2706 haee
518 2662 645 2724 quoque
672 2662 750 2706 esse.
800 2639 863 2706 Sed
891 2640 1082 2705 discentium

77 2728 193 2793 studiis
211 2730 419 2794 inveniuntur
436 2727 595 2813 magistri,
617 2726 692 2792 huie
711 2731 820 2793 autem
842 2729 899 2812 qui
922 2726 1082 2809 studeant,

77 2819 154 2880 sunt
174 2816 267 2900 nulli,
289 2817 457 2881 rhetorum
479 2815 577 2879 turba
594 2812 715 2878 referta
732 2816 853 2899 omnia,
877 2835 1083 2898 quamquam,

78 2924 161 2987 quae
174 2903 348 2969 verborum
362 2902 658 2984 sententiarumque
675 2906 848 2987 praecepta
867 2904 952 2984 sunt,
969 2901 1081 2964 eadem

76 2991 119 3056 ad
132 3010 312 3056 sermonem
330 2989 547 3075 pertinebunt.
584 2986 646 3053 Sed
663 3010 737 3055 cum
755 2989 912 3055 orationis
931 2987 1134 3052 indicem133

75 3099 189 3143 vocem
215 3079 407 3160 habeamus,
434 3078 470 3142 in
496 3099 574 3142 voce
601 3081 709 3142 autern
737 3077 799 3143 duo
828 3097 1014 3160 sequamur,
1045 3078 1083 3138 ut

18 3243 19 3246 Ἴ
76 3164 166 3231 clara
184 3167 236 3250 sit,
258 3170 296 3230 ut
314 3166 431 3249 suavis,
453 3166 627 3248 utrumque
646 3165 775 3230 omnino
795 3187 815 3230 a
831 3167 950 3228 natura
969 3166 1082 3247 petun-

76 3254 154 3317 dum
176 3257 240 3337 est,
261 3276 373 3318 verum
397 3254 536 3318 alterum
558 3252 745 3318 exercitatio
769 3252 915 3338 augebit,
943 3252 1082 3316 alterum

75 3340 218 3406 imitatio
245 3362 355 3426 presse
382 3341 584 3424 loquentium
612 3343 645 3404 et
671 3340 795 3405 leniter.
840 3339 933 3405 Nihil
959 3338 1023 3404 fuit
1048 3339 1083 3404 in

76 3425 212 3512 Catulis,
230 3432 267 3492 ut
285 3450 340 3493 eos
359 3427 518 3511 exquisito
537 3427 654 3492 iudicio
672 3431 804 3513 putares
822 3428 872 3494 uti
888 3428 1082 3510 litterarum,

75 3536 274 3600 quamquam
287 3519 380 3581 erant
393 3515 545 3600 litterati;
564 3514 620 3580 sed
638 3517 672 3579 et
690 3515 760 3600 alii3
777 3515 814 3581 hi
831 3520 940 3582 autem
958 3515 1082 3600 optime
