2446 3944
453 199 607 265 -559
656 237 694 246 -

72 361 168 428 unius
196 359 363 434 libidinem
393 361 502 425 omnia
529 381 612 424 nexa
640 359 757 425 civium
789 359 928 424 liberate
950 359 1085 424 nectier-

73 471 135 533 que
159 452 274 532 postea
296 447 448 533 desitum3
473 469 662 532 semperque
684 447 760 512 huic
783 448 902 532 generi,
926 469 997 512 cum
1018 447 1085 531 ple-

71 538 130 602 bes
156 537 287 620 publica
318 536 505 602 calamitate
536 536 696 621 inpendiis
729 535 900 601 debilitata
927 537 1085 620 deficeret,

72 626 191 690 salutis
220 625 364 690 omnium
396 647 494 691 causa
521 624 630 708 aliqua
658 624 838 689 sublevatio
867 629 899 689 et
925 624 1085 690 medicina

73 715 221 798 quaesita
248 717 307 779 est.
357 712 428 789 ouo
456 717 527 779 tum
559 712 694 779 consilio
726 713 954 795 praetermisso
988 735 1085 779 causa

71 803 192 886 populo
227 806 306 866 nata
343 805 408 886 est,
450 802 575 867 duobus
616 801 756 865 tribunis
796 801 902 885 plebis
942 822 999 885 per
1036 823 1085 866 se-

72 891 230 956 ditionem
252 891 370 956 creatis
392 893 430 954 ut
453 891 601 974 potentia
624 892 755 954 senatus
784 891 882 974 atque
910 890 1084 955 auctoritas

72 980 285 1065 minueretur3
316 1001 397 1064 quae
424 982 533 1043 tamen
557 978 665 1064 gravis
690 981 723 1042 et
750 997 871 1061 magna
893 978 1083 1043 remanebat

73 1067 323 1151 sapientissimis
347 1070 379 1131 et
401 1067 589 1133 fortissimis
613 1071 646 1131 et
669 1067 768 1131 armis
792 1070 825 1130 et
849 1066 985 1131 consilio
1010 1067 1082 1131 civi·

71 1160 175 1222 tatem
210 1156 390 1239 tuentibus,
427 1178 564 1240 quorum
600 1156 776 1220 auctoritas
813 1155 952 1219 maxime
990 1154 1084 1219 flore-

71 1244 143 1328 bat,
176 1244 277 1328 quod,
309 1266 382 1310 cum
413 1245 539 1311 honore
570 1246 667 1329 longe
700 1245 927 1308 antecellerent
959 1242 1082 1323 ceteris,

71 1333 296 1417 voluptatibus
320 1336 412 1398 erant
435 1333 604 1397 inferiores
622 1353 682 1397 nee
704 1331 850 1416 pecuniis
873 1331 975 1396 ferme
993 1352 1084 1414 supe-

71 1423 189 1505 riores3
213 1442 314 1504 eoque
339 1424 408 1486 erat
431 1421 584 1505 cuiusque
607 1421 731 1505 gratior
753 1421 789 1484 in
811 1442 845 1484 re
869 1419 999 1504 publica
1022 1420 1083 1484 vir·

72 1513 139 1592 tus,
171 1509 257 1593 quod
288 1508 323 1573 in
354 1509 449 1573 rebus
486 1509 623 1594 privatis
656 1508 903 1593 diligentissime
936 1507 1083 1593 singulos

73 1598 158 1661 cives
183 1617 293 1681 opera,
317 1598 465 1684 consilio,
487 1619 523 1662 re
545 1598 729 1662 tuebantur.

1062 1724 1136 1789 ,36

140 1771 202 1838 Sed
225 1773 351 1857 aliquot
373 1772 449 1839 ante
472 1773 575 1858 annis,
598 1795 670 1838 cum
690 1795 816 1839 summa
839 1776 925 1838 esset
948 1774 1083 1837 auctori·
1102 1829 1136 1878 6,

71 1866 123 1926 tas
156 1862 190 1927 in
223 1865 336 1926 senatu
367 1863 487 1947 populo
519 1861 662 1945 patiente
695 1866 791 1947 atque
822 1864 971 1948 parente,
1003 1861 1085 1926 inita

71 1951 156 2015 ratio
181 1954 242 2032 est,
269 1954 308 2015 ut
331 1953 363 2015 et
386 1952 534 2015 consules
558 1954 591 2014 et
617 1951 742 2015 tribuni
764 1951 808 2033 pl.
831 1950 1028 2035 magistratu
1051 1971 1084 2014 se

72 2039 267 2122 abdicarent,
291 2042 387 2122 atque
410 2044 447 2103 ut
469 2039 556 2104 xviri
574 2040 717 2104 maxima
735 2042 899 2123 potestate
924 2039 993 2103 sine
1011 2059 1084 2122 pro·

71 2127 242 2191 vocatione
269 2131 467 2213 crearentur,
500 2128 555 2212 qui
583 2131 616 2192 et
644 2150 807 2192 summum
834 2129 1006 2211 imperium
1029 2126 1085 2191 ha·

71 2215 186 2281 berent
208 2218 241 2280 et
263 2216 352 2300 leges
372 2217 558 2282 scriberent.
595 2214 657 2291 Qui
681 2238 753 2282 cum
772 2235 797 2281 x
811 2217 939 2280 tabulas
959 2236 1085 2280 summa

70 2304 181 2389 legum
209 2305 371 2389 aequitate
398 2305 631 2388 prudentiaque
655 2304 937 2387 conscripsissent,
967 2305 1000 2367 in
1028 2325 1084 2366 an-

70 2410 149 2453 num
177 2395 344 2472 posterum
372 2391 570 2457 decemviros
594 2392 676 2456 alios
705 2393 976 2474 subrogaverunt,
1006 2411 1083 2472 quo-

71 2499 144 2541 rum
176 2499 243 2541 non
275 2478 424 2543 similiter
455 2478 534 2542 fides
566 2499 626 2542 nec
662 2478 789 2542 iustitia
824 2477 964 2542 laudata.
1013 2475 1084 2552 Quo

71 2567 183 2630 tamen'
211 2586 228 2628 e
255 2566 391 2649 collegio
424 2564 496 2630 laus
529 2569 580 2631 est
606 2565 664 2629 illa
695 2565 813 2629 eximia
846 2563 881 2630 Ο.
903 2564 995 2648 Iulii,
1029 2565 1084 2649 qui

71 2653 237 2717 hominem
274 2653 436 2733 nobilem,
478 2652 513 2718 L.
541 2651 701 2736 Sestium,
737 2652 827 2717 cuius
864 2654 898 2717 in
935 2654 1083 2719 cubiculo

71 2741 231 2807 ecfossum
263 2760 333 2806 esse
370 2762 404 2805 se
437 2744 607 2825 praesente
640 2743 804 2806 mortuum
841 2740 974 2825 diceret,
1011 2763 1083 2805 oum

70 2830 141 2914 ipse
168 2833 364 2913 potestatem
394 2851 553 2894 summam
575 2829 724 2911 haberet,
754 2829 840 2912 quod
867 2829 1083 2894 decemvirum

71 2920 140 2983 sine
163 2918 393 3002 provocatione
416 2922 517 3002 esset,
546 2918 643 2983 vades
670 2921 781 2982 tamen
806 2919 969 3002 poposcit,
997 2918 1083 3002 quod

72 3027 106 3071 se
129 3006 236 3090 legem
257 3007 348 3071 illam
371 3008 570 3091 praeclaram
593 3007 817 3091 neglecturum
834 3011 978 3090 negaret,
1002 3028 1082 3090 quae

70 3094 108 3158 de
132 3097 237 3179 capite
260 3097 339 3161 civis
362 3095 502 3160 Romani
522 3095 587 3160 nisi
609 3095 749 3161 comitiis
768 3095 957 3159 centuriatis
982 3094 1082 3159 statui

68 3186 203 3248 vetaret.

137 3271 265 3336 Tertius
290 3275 340 3336 est
363 3294 466 3336 annus
489 3272 626 3337 xviralis
651 3274 854 3355 consecutus,
884 3292 956 3335 cum
983 3270 1081 3335 iidem
1091 3240 1134 3304 37

69 3365 179 3425 essent
205 3382 264 3425 nec
293 3361 374 3425 alios
403 3361 579 3445 subrogare
606 3360 794 3424 voluissent.
848 3359 888 3423 In
910 3359 969 3422 hoc
993 3364 1081 3423 statu
1101 3345 1133 3392 ⁶²

68 3450 115 3513 rei
146 3449 307 3533 publicae,
337 3470 432 3532 quem
465 3448 531 3513 dixi
561 3449 637 3537 iam,
659 3470 755 3532 saepe
786 3470 852 3512 non
882 3469 979 3532 posse
1065 3469 1081 3512 e

69 3536 273 3618 diuturnum,
305 3538 390 3620 quod
421 3558 488 3602 non
521 3541 607 3603 essct
639 3537 673 3601 in
709 3537 814 3602 omnis
847 3469 1126 3703 ordin&
