2446 3944
465 156 706 256 -ase-

82 353 170 419 enim
193 356 264 418 erat
286 353 376 418 loeus
399 352 483 417 alter
506 353 544 418 de
567 353 656 418 vitiis
684 351 885 440 senectutis),
911 375 977 419 non
1026 355 1087 438 lus,
1208 395 1210 398 ⁴

83 464 181 526 quam
191 440 378 506 adulescens
391 440 478 504 tauri
492 445 549 505 aut
563 441 728 525 elephanti
742 441 971 506 desiderabam.
995 377 1087 516 (duod

83 533 143 613 est,
166 550 203 594 eo
227 529 317 594 decet
339 528 388 592 uti
410 532 452 611 et,
475 528 626 612 quicquid
649 550 736 614 agas,
760 549 855 613 agere
877 551 937 614 pro
955 529 1087 595 viribus.

84 616 172 692 Quae
195 616 280 681 enim
302 637 365 681 vox
387 620 497 701 potest
520 638 590 681 esse
611 617 825 701 contemptior
844 639 941 700 quam
955 616 1087 683 Milonis

84 704 313 770 Crotoniatae?
337 703 392 787 qui
415 726 486 770 cum
509 705 576 769 iam
599 726 695 770 senex
718 709 803 769 esset
826 705 1031 789 athletasque
1053 727 1087 770 se

84 795 266 858 exercentes
288 792 323 855 in
341 791 498 857 curriculo
517 793 649 877 videret,
672 792 834 877 aspexisse
853 794 992 857 lacertos
1012 815 1087 858 suos

84 880 201 945 dicitur
213 880 485 963 inlacrimansque
500 880 630 945 dixisse:
648 880 714 945 ‘At
726 880 766 944 hi
781 880 931 964 quidem
945 881 1088 946 mortui

83 968 158 1032 iam
177 967 284 1032 sunt?
315 966 391 1032 Non
409 989 485 1033 vero
504 971 573 1033 tam
591 968 648 1033 isti
667 990 764 1052 quam
781 972 818 1033 tu
836 969 915 1052 ipse,
932 971 1086 1054 nugator!

82 1077 186 1139 neque
205 1056 289 1120 enim
307 1077 346 1120 ex
364 1059 397 1120 te
420 1078 573 1139 umquam
596 1078 630 1120 es
652 1056 853 1140 nobilitatus,
876 1056 933 1121 sed
951 1078 990 1121 ex
1008 1057 1087 1121 late-

83 1144 173 1209 ribus
201 1147 234 1208 et
260 1143 390 1208 lacertis
417 1144 493 1208 tuis.
537 1142 630 1209 Nihil
657 1141 727 1208 Sex.
755 1143 867 1208 Aelius
895 1144 975 1226 tale,
1004 1143 1087 1207 nihil

83 1231 196 1297 multis
215 1232 307 1296 annis
327 1235 401 1296 ante
420 1231 466 1296 Ti.
482 1230 709 1315 Coruncanius,
729 1232 812 1297 nihil
831 1233 926 1296 modo
945 1231 980 1295 P.
995 1229 1087 1296 Cras·

83 1342 151 1404 sus,
179 1319 337 1402 aquibus
360 1320 431 1383 iura
454 1320 577 1385 civibus
604 1320 919 1404 praescribebantur,
950 1341 1087 1402 quorum

82 1429 184 1492 usque
208 1408 248 1471 ad
271 1411 450 1472 extremum
473 1408 623 1492 spiritum
651 1411 701 1472 eet
726 1411 880 1492 provecta
906 1407 1087 1491 prudentia.

84 1495 202 1560 Orator
215 1499 324 1560 metuo
338 1517 378 1560 ne
397 1496 587 1580 languescat
605 1499 782 1578 senectute3
800 1499 849 1560 est
868 1495 952 1559 enim
972 1517 1087 1560 munus
1106 1509 1140 1559 aa

85 1584 152 1648 eius
174 1605 241 1648 non
262 1583 385 1668 ingenii
408 1585 523 1667 solum,
546 1583 603 1647 sed
625 1583 763 1647 laterum
787 1583 887 1647 etiarn
909 1587 942 1646 et
960 1583 1087 1648 virium.

84 1671 222 1738 Omnino
245 1693 399 1736 canorum
421 1671 503 1735 illud
524 1670 558 1734 in
583 1692 660 1736 voce
688 1671 882 1755 splendescit
909 1671 1008 1734 etiam
1033 1693 1088 1736 ne·

84 1760 150 1824 scio
183 1780 246 1842 quo
281 1763 376 1843 pacto
408 1759 443 1822 in
474 1761 653 1842 senectute,
690 1757 775 1841 quod
808 1758 956 1841 equidem
984 1759 1087 1824 adhuc

82 1869 149 1912 non
172 1846 279 1930 amisi,
311 1851 344 1912 et
370 1846 487 1911 videtis
515 1867 631 1929 annos3
657 1846 713 1910 sed
740 1849 851 1910 tamen
880 1850 930 1910 est
953 1847 1086 1912 decorus

85 1934 171 1999 senis
194 1956 299 1998 sermo
318 1934 445 2017 quietus
464 1938 497 1998 et
519 1934 686 2017 remissus,
707 1932 787 1999 facit
773 1938 849 2018 tque
877 1955 935 2018 per
958 1956 992 1999 se
1015 1934 1088 2018 ipsa

86 2022 149 2087 sibi
172 2021 368 2087 audientiam
395 2022 508 2086 diserti
531 2021 616 2086 senis
644 2026 775 2106 compta
804 2025 836 2086 et
860 2022 949 2086 mitis
973 2023 1087 2088 oratio.

84 2109 237 2186 Quam
212 2132 240 2173 ει
261 2109 330 2192 ipse
354 2110 467 2192 exequi
493 2131 662 2211 nequeas,
674 2110 780 2194 possis
809 2114 919 2174 tamen
945 2107 1089 2203 Scipioni

84 2198 268 2283 praecipere
291 2201 324 2260 et
346 2197 467 2261 Laelio
507 2196 591 2273 Quid
613 2197 697 2264 enim
721 2201 771 2262 est
757 2192 960 2262 tiucundius
984 2220 1088 2262 senec-

83 2290 155 2350 tute
183 2285 350 2369 stipatas
335 2285 450 2349 studiis
481 2285 630 2350 iuventut
616 2285 681 2350 tis?
713 2285 767 2349 An
792 2308 832 2350 ne
859 2286 934 2350 illas
959 2286 1088 2369 quidem
1108 2298 1140 2348 ιι

83 2375 169 2439 vires
198 2372 355 2438 senectuti
382 2373 613 2457 relinquemus,
643 2376 681 2437 ut
713 2374 932 2438 adulescentes
966 2375 1088 2456 doceat,

84 2461 245 2544 instituat,
269 2461 309 2524 ad
328 2482 421 2525 omne
441 2460 539 2525 officii
556 2482 672 2525 munus
690 2461 741 2524 ins
743 2462 854 2526 truat‘?
878 2483 940 2545 quo
960 2423 1089 2545 quideni

85 2571 183 2634 opere
206 2511 283 2649 qdid
305 2553 414 2632 potest
437 2569 506 2613 esse
528 2548 747 2632 praeclarius?
783 2547 864 2612 Mihi
884 2570 961 2613 vero
980 2552 1013 2612 e
999 2547 1088 2613 ton.

85 2636 172 2702 etP
186 2634 351 2720 Scipiones
370 2640 403 2700 et
426 2636 478 2700 avi
500 2636 549 2700 tui
572 2635 643 2718 duo,
665 2635 700 2698 L
717 2633 935 2700 Aemiliuset.
954 2634 989 2699 P
1003 2634 1089 2699 Afri

85 2746 198 2808 canus,
225 2724 345 2789 comita
345 2727 382 2788 tu
345 2723 595 2788 tnobilium
585 2744 735 2787 iuvenum
758 2722 825 2786 fort
825 2723 917 2787 unati
939 2722 1089 2787 videban-

85 2817 153 2896 tur,
175 2834 234 2877 nec
257 2812 317 2876 ulli
339 2813 498 2876 bonarum
521 2810 641 2875 artium
663 2810 784 2896 magist
784 2810 812 2874 ri
834 2831 900 2875 non
922 2810 1011 2874 beati
1033 2832 1090 2895 pu-

86 2900 186 2983 tandi,
201 2899 348 2983 quamvis
363 2899 587 2964 consenuerint
600 2897 690 2963 vires·
700 2903 796 2982 atque
811 2897 992 2962 defecerint.
1015 2896 1090 2962 Etsi

85 2989 159 3073 ipsa
184 2988 249 3051 ista
276 2986 412 3052 defectio
436 2987 553 3051 virium
581 2985 816 3052 adulescentiae
838 2985 928 3051 vitiis
952 2985 1089 3050 efficitur

87 3075 215 3160 saepius
248 3097 345 3158 quam
377 3074 565 3157 senectutis3
595 3074 769 3139 libidinosa
800 3074 885 3139 enim
918 3077 951 3138 et
977 3073 1090 3137 intem·

85 3185 203 3249 perans
236 3162 453 3227 adulescentia
485 3162 616 3227 effetum
647 3184 762 3247 corpus
794 3161 895 3227 tradit
923 3161 1089 3226 senectuti.

86 3251 190 3335 Cyrus
214 3251 342 3335 quidem
366 3250 450 3334 apud
472 3249 719 3334 Xenophontem
743 3272 780 3314 eo
804 3270 964 3333 sermone,
995 3271 1090 3333 quem
1109 3264 1142 3313 30

86 3339 229 3403 moriens
251 3338 379 3421 habuit,
403 3359 475 3402 curn
498 3337 670 3402 admodum
693 3360 788 3403 senex
812 3342 910 3420 esset,
932 3341 1032 3423 negat
1056 3360 1090 3402 se

85 3449 240 3511 umquam
264 3426 401 3491 sensisse
425 3429 623 3490 senectutem
646 3447 737 3490 suam
759 3425 1005 3492 imbecilliorem
1026 3425 1092 3491 fac-

86 3518 168 3602 tam,
200 3536 298 3599 quam
329 3513 548 3578 adulescentia
578 3512 702 3577 fuisset.
751 3512 823 3599 Ego
855 3513 892 3579 L.
922 3484 1161 3695 Metello*
