2446 3944
529 193 768 258 -484-

145 354 393 422 inbecillitatem
421 351 595 417 difficultas
623 351 755 416 minime
778 350 865 416 cadit
886 350 922 414 in
943 350 1152 416 maiestatem

147 445 286 509 deorum.
331 440 469 524 Exque
492 438 631 504 efficitur
653 439 694 522 id,
718 439 805 523 quod
825 439 989 522 volumus,
1018 439 1151 504 deorum

93 494 133 620 ἓξ
146 528 349 617 providentia
371 528 526 592 mundum
549 527 777 592 administrari.
813 524 916 609 Atqui
937 548 1070 591 necesse
1093 531 1151 610 est,

147 641 219 685 cum
239 616 365 700 sinidi,
388 616 530 680 simodo
550 617 633 698 sunt,
656 618 693 679 ut
706 613 852 699 profecto
867 617 952 696 sunt,
975 615 1151 679 animantis

146 728 229 788 esse,
259 726 317 769 nec
347 703 453 769 solum
480 702 668 784 animantis,
698 702 754 766 sed
781 702 880 766 etiam
907 702 1049 766 rationis.
1069 725 1153 768 com·

146 797 240 879 potes
262 792 348 856 inter
370 812 468 874 seque
486 790 580 875 quasi
597 789 685 856 civili
702 789 927 855 conciliatione
945 793 978 854 et
997 791 1152 856 societate

147 882 349 963 coniunctos,
372 901 473 944 unum
495 877 649 943 mundum
672 881 709 941 ut
732 899 934 943 communem
956 899 1027 942 rem
1048 879 1153 963 publi·

96 984 129 1033 79
147 991 219 1035 cam
255 970 353 1051 atque
388 967 502 1031 urbem
538 966 682 1049 aliquam
712 965 864 1050 regentis.
914 963 1081 1050 Sequitur,
1117 971 1153 1031 ut

148 1056 261 1122 eadem
284 1057 327 1119 sit
345 1055 379 1119 in
397 1054 447 1138 iis,
470 1075 551 1138 quae
569 1054 711 1118 humano
728 1053 765 1117 in
782 1074 907 1138 genere,
925 1053 1021 1137 ratio,
1042 1055 1154 1119 eadem

147 1145 268 1210 veritas
299 1142 472 1224 utrobique
505 1141 549 1205 sit
580 1140 753 1224 eademque
785 1143 850 1225 lex,
882 1162 963 1224 quae
995 1145 1046 1205 est
1073 1143 1154 1208 recti

148 1231 331 1317 praeceptio
351 1230 505 1314 pravique
524 1228 678 1312 depulsio.
709 1227 761 1292 Ex
780 1250 842 1311 quo
861 1229 1063 1314 intellegitur
1080 1253 1153 1316 pru·

149 1321 291 1385 dentiam
322 1339 448 1401 quoque
478 1320 510 1380 et
541 1319 682 1380 mentem
711 1339 730 1379 a
758 1316 825 1380 deis
850 1316 890 1381 ad
912 1316 1060 1382 homines
1084 1341 1154 1403 per·

148 1408 287 1489 venisse,
316 1405 357 1470 ob
381 1426 514 1487 eamque
538 1425 668 1469 causam
690 1403 849 1468 maiorum
870 1404 1032 1470 institutis
1054 1428 1153 1490 mens,

148 1495 237 1578 fides,
255 1493 369 1577 virtus,
387 1491 557 1557 concordia
576 1495 780 1557 consecratae
800 1495 833 1556 et
846 1492 974 1576 publice
989 1493 1154 1560 dedicatae

150 1585 234 1646 sunt.
271 1579 359 1656 Quae
383 1580 438 1663 qui
460 1580 610 1645 convenit
628 1601 726 1663 penes
745 1579 822 1643 deos
841 1601 910 1644 esse
928 1601 1059 1666 negare,
1082 1604 1154 1647 cum

150 1691 260 1734 eorum
279 1672 469 1755 angustast
488 1671 600 1732 sancta
614 1668 787 1732 simulacra
799 1669 1009 1734 veneremur?
1033 1669 1154 1745 Quodsi

149 1757 235 1821 inest
253 1757 288 1821 in
304 1757 472 1820 hominum
482 1776 598 1841 genere
619 1776 718 1838 mens,
736 1754 825 1838 fidae,
843 1755 956 1839 virtus,
975 1758 1154 1841 concordia,

150 1845 233 1910 unde
265 1845 345 1909 haec
375 1845 411 1907 in
437 1848 557 1907 terram
583 1843 648 1907 nisi
675 1843 716 1907 ab
744 1843 871 1928 superis
897 1843 1036 1908 defluere
1063 1851 1155 1930 potu-

151 1932 267 1997 erunt?
312 1930 457 2015 Cumque
485 1932 551 1994 sint
577 1930 612 1994 in
632 1930 727 1995 nobis
751 1931 935 2015 consilium,
959 1933 1060 2018 ratio,
1082 1957 1154 2019 pru-

152 2019 268 2102 dentia,
290 2039 420 2082 necesse
444 2021 494 2083 est
517 2018 592 2082 deos
615 2018 695 2083 haec
712 2018 785 2102 ipsa
804 2019 923 2083 habere
941 2020 1075 2105 maiora,
1098 2044 1155 2088 nec

152 2106 271 2170 habere
295 2105 410 2189 solum,
434 2105 489 2169 sed
513 2105 611 2170 etiam
633 2105 674 2169 iis
696 2106 747 2170 uti
768 2106 804 2170 in
825 2107 984 2172 maxumis
1008 2111 1042 2173 et
1064 2114 1155 2196 optu-

98 2199 133 2248 80
152 2195 213 2258 mis
235 2193 345 2277 rebus,
368 2193 450 2257 nihil
473 2195 582 2257 autem
603 2214 662 2258 nec
685 2194 788 2258 maius
811 2216 871 2259 nec
888 2195 1004 2260 melius
1023 2199 1155 2281 mundo,

150 2301 279 2345 necesse
308 2285 358 2344 est
386 2302 463 2365 ergo
487 2303 560 2344 eum
583 2281 716 2345 deorum
738 2282 873 2346 consilio
897 2287 929 2346 et
951 2285 1155 2367 providentia

152 2368 380 2433 administrari.
411 2368 580 2433 Postremo
600 2391 673 2433 cum
692 2370 772 2434 satis
792 2370 992 2436 docuerimus
1010 2373 1072 2437 hos
1087 2396 1155 2439 esse

151 2456 238 2540 deos,
261 2478 398 2540 quorum
420 2457 580 2542 insignem
602 2456 668 2521 vim
693 2460 725 2521 et
746 2457 919 2522 inlustrem
936 2458 1054 2525 faeiem
1072 2462 1156 2527 vide

151 2566 268 2628 remus,
292 2545 394 2609 solem
418 2545 487 2610 dico
511 2548 544 2609 et
566 2545 679 2608 lunam
702 2547 735 2609 et
757 2566 858 2630 vagas
881 2547 994 2611 stellas
1019 2551 1052 2612 et
1074 2550 1155 2614 iner-

151 2634 261 2696 rantes
292 2635 325 2696 et
348 2633 473 2697 caelum
496 2636 528 2697 et
551 2631 705 2696 mundum
727 2631 835 2717 ipsum
858 2637 891 2698 et
914 2657 1025 2699 earum
1048 2659 1156 2702 rerum

151 2720 231 2803 vim,
261 2742 342 2803 quae
371 2721 515 2785 inessent
541 2720 576 2784 in
604 2720 691 2784 omni
714 2721 834 2784 mundo
858 2743 930 2786 cum
952 2745 1073 2809 magno
1097 2748 1157 2790 usu

152 2810 185 2871 et
212 2808 440 2873 commoditate
468 2807 594 2893 generis
616 2807 766 2892 humani,
793 2808 931 2873 efficitur
954 2812 1065 2876 omnia
1088 2813 1157 2898 regi

152 2894 260 2959 divina
288 2899 395 2960 mente
420 2900 516 2979 atque
539 2895 718 2979 prudentia.
763 2895 812 2961 Ac
835 2897 873 2961 de
896 2897 1003 2982 prima
1027 2901 1156 2983 quidem

99 2985 245 3094 32parte
268 2983 348 3047 satis
372 2984 493 3050 dictum
516 2986 575 3048 est.

99 3106 132 3155 81
218 3067 379 3155 Sequitur,
400 3075 438 3136 ut
461 3072 593 3137 doceam
617 3072 726 3137 omnia
749 3072 894 3137 subiecta
916 3094 987 3138 esse
1009 3078 1157 3160 naturae,

152 3178 252 3240 caque
275 3158 316 3222 ab
340 3180 378 3223 ea
399 3159 611 3243 pulcherrime
634 3160 712 3243 geri.
757 3157 819 3225 Sed
843 3160 919 3244 quid
942 3161 985 3227 sit
1007 3161 1081 3246 ipsa
1103 3186 1158 3229 na·

151 3248 238 3326 tura,
267 3246 490 3330 explicandum
518 3251 567 3311 est
595 3252 671 3313 ante
694 3247 849 3332 breviter,
877 3271 939 3332 quo
962 3249 1092 3317 facilius
1116 3251 1157 3334 id,

153 3331 238 3412 quod
266 3332 377 3399 dooere
404 3334 567 3419 volumus,
593 3334 742 3421 intellegi
768 3336 882 3420 possit.
927 3335 1077 3422 Namque
1101 3339 1158 3405 alii

159 3490 162 3495 ,
194 3419 304 3483 turam
326 3443 395 3486 esse
420 3425 552 3487 censent
573 3421 641 3487 vim
663 3423 825 3507 quandam
844 3423 912 3488 sine
930 3424 1057 3490 ratione
1075 3426 1159 3492 cien-

69 3436 219 3715 Ῡω
242 3511 348 3573 motus
371 3509 407 3574 in
429 3509 616 3594 corporibus
638 3511 851 3596 necessarios,
879 3511 936 3578 alii
958 3515 1068 3578 autem
1090 3514 1159 3580 vim
