2446 3944
458 191 700 256 -327-

78 353 213 435 propter
240 372 311 415 eam
338 351 551 436 suscipiamus
578 351 768 417 molestias?
814 349 899 427 Quid
926 350 1012 415 enim
1038 349 1085 414 in·

79 442 181 502 teresi
204 441 296 503 motu
318 439 418 504 animi
440 440 569 505 sublato
592 461 658 504 non
681 440 751 505 dico
774 439 860 503 inter
877 439 1032 523 pecudem
1051 441 1084 501 et

79 526 257 603 hominem,
285 527 340 591 scd
366 527 452 591 inter
474 527 639 591 hominem
662 531 695 591 et
717 532 868 592 truncum
890 531 948 593 aut
971 547 1085 591 saxum

80 617 137 678 aut
160 613 286 697 quidvis
310 616 437 700 generis
460 615 624 680 eiusdem?
669 613 782 698 Neque
811 616 896 680 enim
924 618 1000 679 sunt
1028 613 1085 678 isti

80 701 243 785 audiendi,
273 704 327 786 qui
354 703 509 768 virtutem
536 703 650 767 duram
677 706 711 767 et
737 703 831 786 quasi
853 703 992 767 ferream
1015 723 1085 766 esse

80 791 241 872 quandam
258 791 387 874 volunt3
405 812 487 873 quae
506 791 635 874 quidem
649 794 700 854 est
713 812 786 855 cum
801 791 913 855 multis
927 791 962 854 in
979 790 1085 873 rebus,

80 881 151 941 tum
172 877 207 941 in
230 878 372 943 amicitia
394 880 505 942 tenera
528 883 625 962 atque
648 878 846 962 tractabilis,
875 882 912 943 ut
935 882 968 943 et
991 878 1084 943 bonis

81 965 176 1029 amici
207 966 299 1048 quasi
331 966 529 1031 diffundatur
561 970 593 1030 ct
625 966 837 1031 incommodis
865 966 1085 1030 contrahatur.

81 1051 183 1127 Quam
207 1055 248 1118 ob
271 1076 339 1118 rem
358 1075 461 1138 angor
478 1055 550 1136 iste,
573 1054 628 1138 qui
646 1076 706 1138 pro
725 1054 828 1119 amico
847 1075 942 1139 saepe
961 1053 1086 1137 capien-

81 1141 139 1204 dus
162 1144 221 1222 est,
243 1162 310 1206 non
331 1146 461 1206 tantum
483 1142 581 1226 valet,
603 1145 640 1205 ut
660 1143 758 1206 tollat
777 1165 794 1206 e
813 1142 882 1207 vita
900 1141 1085 1224 amicitiam,

79 1251 146 1293 non
167 1229 241 1313 plus
265 1251 362 1313 quam
384 1233 422 1294 ut
444 1230 595 1313 virtutes,
619 1230 695 1313 quia
716 1251 783 1295 non
804 1231 912 1295 nullas
935 1251 1028 1294 curas
1053 1233 1085 1293 et

80 1317 246 1381 molestias
271 1318 435 1401 adferunt,
457 1318 674 1400 repudientur.

146 1403 228 1469 (lum
256 1409 364 1469 autem
391 1405 563 1470 contrahat
591 1405 782 1488 amicitiam,
812 1409 850 1470 ut
882 1427 980 1490 supra
1011 1405 1085 1489 dixi,
1097 1403 1136 1468 14

80 1492 109 1556 si
132 1515 196 1576 qua
219 1493 413 1578 significatio
432 1494 564 1558 virtutis
583 1493 717 1576 eluceat,
740 1495 781 1558 ad
800 1515 897 1577 quam
916 1515 949 1558 se
969 1493 1084 1557 similis

64 1581 206 1645 -animus
231 1582 371 1665 adplicet
398 1585 431 1646 et
459 1581 627 1666 adiungat,
654 1581 688 1645 id
715 1603 788 1647 cum
815 1580 966 1665 contigit,
994 1603 1086 1645 amor

79 1668 244 1733 exoriatur
261 1691 391 1734 necesse
409 1672 468 1733 est.
505 1668 588 1744 Quid
606 1668 691 1733 enim
710 1673 780 1733 tam
799 1670 974 1734 absurdum
989 1690 1085 1751 quam
1104 1683 1137 1732 49

81 1756 234 1820 delectari
256 1757 369 1821 multis
392 1757 543 1821 inanimis
566 1757 675 1840 rebus,
698 1760 736 1820 ut
757 1757 888 1841 honore,
911 1761 948 1821 ut
972 1756 1086 1842 gloria,

80 1848 117 1908 ut
145 1844 302 1926 aedificio,
334 1849 370 1909 ut
401 1845 523 1909 vestitu
552 1846 704 1928 cultuque
731 1845 889 1928 corporis,
922 1845 1086 1910 animante

80 1932 201 1997 virtute
224 1933 385 2015 praedito,
408 1954 445 1997 eo
470 1932 526 2016 qui
547 1933 600 1997 vel
623 1954 732 1997 amare
755 1933 820 2015 vel,
843 1937 880 1997 ut
902 1933 950 1997 ita
973 1933 1086 2015 dicam,

80 2020 247 2085 redamare
270 2021 388 2104 possit,
417 2042 482 2084 non
506 2020 678 2085 admodum
702 2021 876 2085 delectari?
920 2020 1012 2085 Nihil
1037 2024 1086 2084 est

81 2107 167 2172 enim
190 2109 448 2173 remuneratione
474 2108 725 2192 benivolentiae,
755 2108 837 2171 nihil
865 2108 1086 2173 vicissitudine

81 2195 261 2259 studiorum
276 2195 517 2280 officiorumque
531 2196 707 2261 iucundius.
740 2194 831 2279 Quid,
850 2195 878 2259 si
891 2196 973 2260 illud
988 2196 1087 2260 etiam
1106 2208 1138 2259 50

81 2283 241 2361 addimus,
265 2284 350 2366 quod
372 2287 458 2348 recte
482 2284 556 2348 addi
577 2287 700 2369 potest,
726 2283 809 2347 nihil
832 2305 914 2366 esse,
938 2283 1022 2367 quod
1047 2284 1086 2348 ad

82 2393 116 2435 se
139 2393 207 2435 rem
230 2372 332 2436 ullam
354 2375 424 2435 tam
447 2371 570 2436 alliciat
593 2375 626 2435 et
648 2372 795 2436 attrahat
821 2393 918 2455 quam
946 2372 986 2435 ad
1009 2371 1087 2435 ami·

82 2459 192 2524 citiam
216 2459 417 2523 similitudo?
440 2459 631 2524 concedetur
648 2459 795 2543 profecto
813 2481 924 2523 verum
949 2480 1027 2540 esse,
1049 2463 1086 2523 ut

81 2547 185 2610 bonos
212 2547 291 2611 boni
318 2546 457 2631 diligant
480 2546 723 2628 adsciscantque
747 2546 809 2610 sibi
833 2546 925 2628 quasi
955 2547 1087 2631 propin-

82 2634 207 2718 quitate
231 2633 418 2699 coniunctos
442 2637 539 2716 atque
561 2638 688 2697 natura.
731 2632 824 2698 Nihil
851 2637 901 2696 est
925 2635 1010 2697 enim
1034 2656 1087 2717 ap-

81 2722 245 2805 petentius
260 2722 414 2786 similium
429 2721 480 2785 sui
492 2742 550 2785 nec
564 2720 712 2804 rapacius
728 2741 825 2803 quam
834 2724 959 2785 natura.
983 2718 1087 2794 Quam

83 2810 125 2874 ob
152 2831 221 2873 rem
247 2811 309 2874 hoc
337 2810 478 2893 quidem,
505 2808 608 2873 Fanni
632 2812 664 2873 et
687 2805 854 2892 Scaevola,
881 2811 1020 2892 constet,
1050 2813 1087 2872 ut

68 2896 206 2981 opinor,
224 2897 317 2962 bonis
336 2898 421 2961 inter
439 2898 541 2962 bonos
561 2896 654 2979 quasi
671 2896 885 2961 necessariam
903 2895 1087 2961 benivolen-

82 2985 172 3068 tiam,
196 2985 251 3068 qui
274 2989 324 3050 est
343 2985 504 3049 amicitiae
522 2984 595 3049 fons
615 2988 769 3049 enatura
787 2984 992 3050 constitutus.
1025 2981 1088 3048 Sed

81 3073 194 3137 eadem
217 3073 346 3137 bonitas
370 3074 468 3137 etiam
492 3073 533 3137 ad
555 3072 795 3136 multitudinem
817 3073 968 3157 pertinet.
1012 3071 1087 3136 Non

82 3161 168 3224 enim
182 3164 232 3224 est
243 3161 420 3225 inhumana
433 3161 536 3226 virtus
550 3181 653 3243 neque
666 3160 807 3224 inmunis
821 3181 924 3243 neque
939 3161 1087 3243 superba,

83 3270 164 3332 quae
183 3249 282 3313 etiam
301 3249 437 3333 populos
456 3249 623 3313 universos
641 3248 727 3312 tueri
745 3248 853 3330 eisque
870 3251 1001 3331 optume
1015 3270 1087 3313 con·

82 3337 188 3400 solere
212 3337 329 3418 soleat,
352 3336 438 3418 quod
454 3358 521 3401 non
542 3336 662 3400 faceret
684 3335 839 3420 profecto,
863 3337 890 3399 si
914 3337 1086 3401 ecaritate

81 3425 174 3509 vulgi
197 3423 395 3488 abhorreret.
431 3423 540 3507 Atque
563 3424 662 3488 etiam
685 3423 765 3487 mihi
784 3423 912 3507 quidem
931 3425 1086 3508 videntur,
1105 3440 1121 3490 o

81 3512 139 3594 qui
160 3511 341 3576 utilitatum
365 3532 461 3576 causa
479 3512 606 3596 fingunt
625 3511 793 3598 amicitias,
817 3513 1087 3578 amabilissimum
1122 3439 1164 3711 1
