2446 3944
531 175 772 242 —198-

36 317 40 325 ⁵
149 333 182 394 et
204 349 243 394 ex
265 349 304 393 ea
325 327 404 392 urba
426 327 635 411 triumphari,
662 327 731 392 sine
759 348 823 412 qua
849 349 1026 411 numquam
1048 328 1155 394 nostri

147 416 361 501 imperatores
375 437 414 479 ex
427 414 651 498 Transalpinis
664 414 760 479 bellis
774 415 1025 499 triumpharunt.
1048 415 1155 481 Multa

147 507 316 589 praeterea
333 524 618 568 commemorarem
635 502 760 567 nefaria
777 503 813 566 in
831 504 944 588 socios,
963 504 991 568 si
1009 504 1071 569 hoo
1088 526 1154 570 uno

149 592 322 676 quicquam
336 591 386 656 sol
404 590 538 655 vidisset
555 590 730 676 indignius.
761 590 835 655 Iure
853 591 956 676 igitur
973 592 1155 676 plectimur.

147 678 222 744 Nisi
239 679 325 748 enim
342 678 521 743 multorum
538 677 688 763 inpunita
706 679 827 743 scelera
844 679 1042 764 tulissemus,
1063 702 1155 744 num-

109 826 125 832 „
149 789 246 853 quam
269 767 310 831 ad
332 788 432 830 unum
454 769 549 830 tanta
570 766 772 850 pervenisset
794 766 938 850 licentia3
962 790 981 832 a
1004 790 1068 852 quo
1088 768 1156 851 qui-

35 852 62 864 ’”
149 857 221 920 dem
243 855 291 919 rei
312 853 484 918 familiaris
508 854 549 918 ad
570 875 704 938 paucoS,
732 854 946 938 cupiditatum
969 855 1010 919 ad
1032 856 1156 920 multos

96 960 130 1009 29
148 942 303 1026 inprobos
320 941 410 1006 venit
426 941 599 1006 hereditas.
634 941 703 1006 Nec
720 964 796 1006 vero
817 964 972 1024 umquam
994 943 1156 1007 bellorum

148 1029 292 1096 civilium
315 1050 425 1093 semen
447 1032 480 1093 et
502 1050 600 1095 causa
623 1029 736 1113 deerit,
767 1030 843 1094 dum
865 1030 1013 1095 homines
1035 1031 1157 1114 perditi

148 1119 278 1183 hastam
304 1117 397 1181 illam
423 1120 589 1182 eruentem
618 1119 650 1180 et
677 1117 883 1182 meminerint
906 1121 940 1182 et
964 1119 1157 1203 sperabunt3

148 1228 246 1290 quam
268 1205 304 1269 P.
327 1203 419 1269 Sulla
437 1227 509 1270 cum
527 1204 688 1269 vibrasset
707 1204 864 1270 dictatore
884 1207 1066 1290 propinquo
1087 1227 1157 1290 suc,

147 1294 233 1359 idem
257 1296 347 1357 sexto
370 1292 558 1357 tricensimo
581 1313 665 1356 anno
688 1295 765 1377 post
787 1315 807 1357 a
830 1294 1035 1359 sceleratiore
1058 1294 1157 1358 hasta

148 1404 214 1448 non
236 1380 382 1464 recessit3
406 1381 489 1445 altar
513 1383 630 1464 autem,
653 1380 709 1464 qui
726 1380 761 1444 in
782 1380 841 1445 illa
864 1381 1026 1446 dictatura
1048 1381 1158 1446 scriba

147 1471 268 1553 fuerat,
294 1469 330 1532 in
355 1469 417 1534 hac
438 1468 502 1533 fuit
525 1472 678 1552 quaestor
700 1468 852 1533 urbanus.
897 1469 948 1533 Ex
972 1491 1035 1553 quo
1059 1468 1157 1534 debet

147 1556 297 1643 intellegi
315 1556 436 1621 talibus
454 1555 607 1640 praemiis
625 1556 801 1640 propositis
814 1578 992 1640 numquam
1006 1556 1158 1622 defutura

70 1729 73 1732 ἢ
148 1646 236 1711 bella
267 1644 382 1710 civilia.
431 1643 546 1727 Itaque
577 1643 718 1728 parietes
750 1643 845 1709 modo
878 1644 968 1708 urbis
1001 1649 1090 1709 stant
1122 1649 1156 1709 et

148 1735 290 1816 manent,
307 1731 394 1815 iique
412 1731 477 1815 ipsi
494 1731 560 1794 iam
579 1734 723 1794 extrema
741 1732 863 1796 seelera
879 1735 1067 1816 metuentes,
1086 1755 1156 1796 rem

148 1840 225 1885 vero
243 1819 408 1903 publicam
426 1818 555 1902 penitus
575 1818 751 1883 amisimus.
787 1818 895 1902 Atque
913 1820 949 1883 in
965 1820 1026 1884 has
1047 1820 1156 1885 clades

147 1907 318 1972 incidimus
340 1903 551 1991 (redeundum
574 1909 624 1970 est
647 1906 732 1970 enim
755 1905 796 1970 ad
822 1905 1050 1992 propositum),
1078 1908 1156 1973 dum

149 1993 250 2059 metui
277 2015 374 2077 quam
401 1994 468 2058 cari
494 2015 564 2058 esse
596 1996 629 2057 et
661 1993 755 2078 diligi
786 1994 956 2060 malumus.
1005 1993 1094 2070 Quae
1126 1996 1156 2059 si

148 2082 269 2167 populo
292 2081 439 2146 Romano
461 2081 581 2145 iniuste
602 2080 778 2165 imperanti
800 2082 942 2146 accidere
969 2087 1155 2167 potuerunt,

149 2169 226 2254 quid
253 2169 371 2233 debent
397 2171 513 2252 putare
541 2168 685 2254 singuli?
731 2167 823 2244 Quod
850 2191 923 2234 cum
949 2171 1156 2256 perspicuum

149 2257 202 2341 sit,
223 2255 461 2320 benivolentiae
479 2256 547 2320 vim
564 2277 634 2321 esse
652 2279 814 2342 magnam,
836 2261 942 2322 metus
959 2258 1155 2342 inbecillam,

149 2344 304 2428 sequitur,
325 2346 362 2407 ut
386 2344 591 2427 disseramus,
615 2345 731 2428 quibus
755 2346 851 2410 rebus
873 2346 1029 2410 facillime
1050 2346 1154 2430 possi-

149 2453 220 2497 mus
244 2453 324 2515 cam,
348 2453 445 2515 quam
467 2432 625 2511 volumus,
648 2433 782 2518 adipisci
805 2457 878 2499 cum
900 2434 1022 2498 honore
1040 2436 1073 2497 εὴ
1091 2434 1154 2498 fide

96 2535 131 2584 80
150 2519 328 2584 caritatem.
373 2517 436 2583 Sed
459 2539 497 2583 ea
523 2540 589 2583 non
615 2521 738 2604 pariter
765 2543 876 2585 omnes
904 2542 1050 2606 egemus3
1075 2543 1154 2586 nam

149 2607 190 2672 ad
212 2606 365 2690 cuiusque
387 2607 491 2671 vitam
512 2606 697 2671 institutam
721 2608 1026 2674 accommodandum
1049 2612 1111 2692 cst,
1135 2632 1155 2673 a

148 2695 302 2760 multisne
325 2716 406 2779 opus
431 2695 474 2759 sit
493 2716 535 2759 an
553 2695 633 2759 satis
653 2695 696 2758 sit
715 2717 734 2759 a
752 2696 862 2780 paucis
883 2696 984 2781 diligi.
1021 2693 1155 2760 Oertum

45 2855 51 2863 ‚
148 2783 250 2869 igitur
271 2782 333 2848 hoc
356 2783 413 2866 sit,
439 2782 535 2866 idque
563 2786 596 2846 ct
620 2783 761 2867 primum
784 2787 817 2847 εὴ
839 2805 988 2848 maxume
1010 2804 1155 2848 necessa·

11 2894 24 2921 -··
148 2871 242 2955 rium,
264 2869 505 2935 familiaritates
525 2869 645 2935 habere
662 2870 744 2935 fidas
763 2871 941 2936 amantium
959 2893 1019 2935 nos
1039 2871 1155 2937 amico-

148 2981 222 3024 rum
244 2961 278 3022 et
299 2962 413 3022 nostra
433 2957 635 3041 mirantium3
657 2958 737 3023 haee
755 2959 840 3022 enim
858 2981 924 3023 una
941 2980 993 3023 res
1011 2981 1156 3043 prorsus,

149 3050 186 3111 ut
212 3068 279 3112 non
305 3046 445 3110 multum
472 3045 599 3110 differat
630 3045 715 3109 inter
747 3068 890 3111 summos
922 3050 955 3110 et
984 3047 1154 3112 mediocris

92 3233 129 3280 a
149 3134 903 3307 stlattasdttutttltltllllt
927 3134 1156 3288 llttttb

150 3329 250 3391 aeque
274 3330 386 3373 omnes
409 3311 514 3394 egent,
538 3307 594 3372 sed
614 3312 733 3392 tamen,
757 3309 785 3373 si
803 3311 854 3375 cui
871 3310 951 3375 haec
969 3314 1156 3395 suppetunt,

65 3472 68 3486 1
151 3394 305 3460 adiuvant
328 3395 532 3480 aliquantum
554 3417 628 3461 cum
650 3395 691 3460 ad
710 3400 824 3484 cetera,
846 3402 918 3463 tum
937 3397 977 3462 ad
997 3398 1157 3464 amicitias

44 3487 68 3502 '¹
150 3483 393 3568 comparandas

63 3584 131 3704 ἱ
