2446 3944
554 195 792 261 -540-

164 357 381 440 committere,
415 375 549 439 aegrum
577 354 673 420 alteri
701 375 797 438 quam
824 353 953 438 multis,
987 353 1031 419 ad
1059 355 1186 420 maiora

163 465 349 531 pervenero.
393 444 431 509 L.
451 443 617 520 Quaenam
640 443 705 508 ista
728 442 826 508 sunt?
871 442 909 509 Sc
924 441 1034 519 Quid?
1057 446 1099 508 tu
1122 465 1185 509 non

163 534 253 598 vides
276 534 370 597 unius
389 532 624 618 inportunitate
643 536 677 596 et
699 531 852 616 superbia
871 531 1044 616 Tarquinii
1063 554 1185 597 noman

162 623 237 687 huic
270 623 391 706 populo
427 622 461 686 in
498 621 607 686 odium
638 621 764 687 venisse
801 620 950 704 regium?
1006 620 1045 686 L.
1080 620 1184 686 Video

162 731 249 794 vero,
271 710 386 796 inquit.
431 709 465 776 S.
487 708 577 795 Ergo
601 710 700 775 etiam
722 708 804 774 illud
828 708 931 793 vides,
955 708 995 772 dc
1020 730 1087 794 quo
1112 732 1185 793 pro·

163 799 330 884 grediente
349 799 496 864 oratione
519 800 612 883 plura
631 820 683 864 ma
701 798 861 863 dicturum
884 801 979 882 puto,
1002 797 1183 882 Tarquinio

163 891 276 952 exacto
314 888 397 952 mira
434 886 573 970 quadam
611 887 772 952 exultasse
808 887 967 970 populum
1005 887 1183 951 insolentia

163 975 339 1062 libertatis3
362 980 433 1041 tum
452 976 557 1041 exacti
575 974 610 1039 in
629 974 761 1040 exilium
779 975 979 1059 innocentes,
1002 978 1077 1039 tum
1100 976 1183 1040 bona

163 1064 290 1147 direpta
318 1065 509 1149 multorum,
534 1067 605 1128 tum
633 1065 733 1129 annui
760 1064 921 1148 consules,
948 1067 1022 1128 tum
1050 1063 1182 1128 demissi

161 1154 284 1238 populo
308 1152 421 1235 fasces,
443 1156 514 1218 tum
536 1154 783 1236 provocationes
802 1152 947 1218 omnium
970 1173 1094 1236 rerum,
1116 1156 1182 1217 tum

163 1243 361 1307 secessiones
383 1242 505 1326 plebei,
532 1244 602 1306 tum
625 1263 758 1326 prorsus
781 1241 830 1306 ita
852 1244 925 1306 acta
952 1242 1127 1326 pleraque,
1148 1244 1182 1305 ut

161 1331 196 1395 in
228 1332 347 1415 populo
386 1333 493 1396 essent
526 1330 644 1395 omnia.
693 1331 732 1396 L.
759 1330 836 1415 Est,
868 1328 989 1414 inquit,
1023 1332 1062 1394 ut
1095 1328 1179 1395 dicis.

108 1422 142 1472 63
161 1418 224 1484 Est
251 1440 342 1503 vero,
368 1419 476 1504 iuquit
498 1417 620 1504 Scipio,
648 1419 685 1482 in
711 1440 791 1504 pace
819 1423 851 1483 et
875 1419 956 1503 oti03
987 1415 1069 1483 licet
1098 1419 1180 1483 enim

160 1508 325 1591 lascivire,
362 1508 438 1572 dum
470 1507 553 1571 nihil
586 1510 727 1589 metuas,
763 1510 800 1573 ut
830 1507 866 1571 in
896 1506 973 1572 navi
1011 1527 1050 1571 ac
1085 1528 1179 1590 saepe

162 1597 260 1660 etiam
288 1597 323 1660 in
346 1596 460 1662 morbo
484 1596 557 1662 levi.
603 1594 666 1661 Sed
688 1600 726 1661 ut
748 1595 818 1680 ille,
848 1596 903 1680 qui
930 1595 1082 1680 navigat,
1111 1617 1180 1661 cum

161 1685 270 1750 subito
294 1707 383 1750 mare
406 1684 514 1768 coepit
540 1684 742 1768 horrescere,
771 1688 804 1748 et
831 1684 887 1748 ille
911 1704 1010 1769 aeger
1032 1683 1179 1769 ingrave-

162 1777 270 1838 scente
293 1774 409 1840 morbo
427 1773 523 1839 unius
543 1795 637 1860 opem
658 1773 811 1858 inplorat,
835 1773 880 1838 sic
903 1776 1016 1837 noster
1038 1773 1179 1857 populus

159 1862 196 1926 in
222 1883 301 1945 pace
329 1865 361 1927 et
389 1862 478 1928 dorni
505 1863 645 1948 imperat
672 1865 706 1927 et
737 1863 816 1947 ipsis
845 1860 1096 1946 magistratibus
1125 1861 1179 1925 mi·

159 1953 270 2032 natur,
299 1955 440 2035 recusat,
464 1951 625 2035 appellat,
652 1954 818 2035 provocat,
846 1950 991 2014 inbelle
1016 1949 1064 2014 sic
1088 1952 1179 2033 paret

160 2041 197 2101 ut
219 2038 302 2121 regi3
326 2039 414 2103 valet
437 2039 522 2104 enim
542 2041 631 2104 salus
654 2038 729 2122 plus
748 2061 846 2123 quam
864 2038 974 2104 libido.
1014 2037 1179 2104 Graviori-

159 2125 220 2188 bus
250 2147 325 2190 vero
359 2126 453 2191 bellis
482 2127 580 2192 etiam
614 2127 683 2192 sine
720 2128 845 2211 collega
877 2147 972 2192 omne
1006 2126 1179 2212 imperium

158 2213 265 2277 nostri
291 2235 390 2297 penes
419 2216 565 2301 singulos
595 2237 665 2280 esse
687 2216 872 2299 voluerunt,
902 2236 1041 2298 quorum
1074 2217 1179 2299 ipsum

159 2322 280 2366 nomen
309 2302 374 2367 vim
402 2325 479 2368 suae
506 2304 679 2388 potestatis
707 2304 839 2369 indicat.
888 2303 975 2367 Nam
1005 2303 1180 2369 dictator

160 2391 289 2474 quidem
308 2392 348 2456 ab
369 2413 406 2457 eo
429 2393 620 2478 appellatur,
644 2392 720 2477 quia
743 2391 893 2476 dicitur,
917 2391 972 2456 scd
996 2391 1032 2455 in
1055 2392 1177 2458 nostris

159 2479 249 2543 libris
269 2479 357 2544 vides
377 2503 460 2565 eum,
478 2479 578 2564 Laeli,
600 2481 830 2565 magistrum
849 2479 985 2565 populi
1008 2481 1179 2565 appellari.

105 2767 139 2819 cc
225 2744 270 2810 Et
298 2744 420 2832 Scipio:
451 2745 514 2811 Est
542 2747 686 2831 omnino,
719 2761 792 2812 cum
822 2746 861 2810 de
892 2745 950 2811 111ο
984 2766 1107 2830 genere
1134 2745 1178 2811 rei

157 2833 316 2920 publicae,
340 2836 425 2918 quod
443 2836 582 2900 maxime
601 2836 715 2920 probo,
739 2857 821 2920 quae
840 2834 955 2918 sentio,
979 2834 1104 2914 dixero,
1128 2856 1178 2899 ac

158 2922 301 2987 curatius
334 2923 415 2988 mihi
448 2923 618 2989 dicendum
651 2925 690 2990 de
723 2922 1032 2990 commutationibus
1069 2944 1178 2989 rerum

156 3010 373 3094 publicarum,
401 3013 464 3078 etsi
492 3013 626 3077 minime
653 3012 750 3077 facilc
778 3012 891 3078 casin
919 3033 957 3076 ea
983 3032 1019 3075 re
1047 3011 1179 3094 publica

156 3098 283 3164 futuras
310 3107 400 3184 puto,
446 3099 510 3166 sed
537 3101 634 3166 huius
662 3101 772 3186 regiae
799 3100 906 3186 prima
934 3104 967 3164 et
994 3100 1179 3165 certissima

157 3191 208 3251 est
230 3188 290 3255 illa
309 3189 461 3254 mutatio:
491 3187 572 3255 (lum
595 3211 652 3254 rex
674 3190 816 3255 iniustus
844 3210 915 3253 esse
938 3188 1062 3272 coepit,
1092 3189 1179 3273 perit

155 3274 238 3339 illud
265 3277 339 3342 ilico
368 3299 484 3363 genus,
512 3282 545 3342 et
572 3281 622 3342 est
648 3278 732 3343 idem
757 3278 813 3342 ille
840 3280 1013 3362 tyrannus,
1040 3276 1178 3343 deterri·

156 3383 244 3426 mum
287 3386 389 3451 genus
428 3370 460 3430 et
501 3367 675 3432 finitimum
712 3367 850 3451 optim0;
891 3387 985 3451 quem
1025 3365 1056 3431 si
1094 3366 1179 3451 opti·

155 3452 259 3514 mates
284 3459 530 3539 oppresserunt,
554 3457 639 3540 quod
662 3455 763 3521 ferme
788 3455 904 3537 evenit,
926 3453 1029 3519 habet
1051 3458 1179 3521 statum

153 3558 206 3603 res
238 3540 370 3623 publica
402 3544 441 3610 dc
472 3544 579 3611 tribus
607 3545 846 3631 secundarium5
877 3547 929 3609 est
960 3543 1046 3608 enim
1083 3543 1180 3629 quasi

61 3618 161 3712 Ἰ
