2446 3944
541 187 693 253 -256
741 225 782 234 —

156 351 243 415 eruat
266 346 406 431 denario,
430 345 516 431 quod
538 344 582 410 sit
604 345 693 410 mille
716 343 916 410 denarium?
952 344 1165 430 Perspicuum

156 441 206 503 cst
228 437 303 519 iam,
327 439 360 500 et
382 434 459 518 quid
482 433 563 499 mihi
584 433 747 516 videatur,
770 437 803 497 et
827 455 909 518 quae
931 434 975 498 sit
996 435 1083 500 inter
1105 457 1164 502 eos

155 523 381 610 philosophos,
405 544 486 607 quos
508 521 687 605 nominavi,
710 523 939 586 controversia.

103 615 147 680 24
220 611 321 677 Pacta
343 613 376 675 et
398 610 560 695 promissa
588 630 755 694 semperne
779 609 936 674 servanda
959 610 1038 694 sint,
1066 629 1162 689 Quare

155 717 224 766 nuc
246 718 283 766 vr
304 715 375 764 uae
398 715 493 764 nouo
517 715 627 781 nune,
656 701 692 762 ut
714 701 881 782 praetores
905 698 1024 781 solent,
1047 714 1165 766 mom

157 807 244 854 srur.
277 784 311 851 si
326 787 397 871 quis
411 787 680 851 medicamentum
694 786 834 870 cuipiam
848 785 971 850 dederit
984 786 1025 850 ad
1044 809 1165 871 aquam

155 878 348 941 intercutem
365 874 598 959 pepigeritque,
621 875 650 939 si
668 895 705 938 eo
725 874 959 939 medicamento
978 896 1076 939 sanus
1095 875 1165 942 fao

156 970 210 1030 tus
234 967 329 1048 esset,
350 985 391 1027 ne
414 963 472 1026 illo
495 962 727 1027 medicamento
751 983 904 1045 umquam
927 965 1041 1045 postea
1059 966 1164 1029 utere·
1218 1022 1221 1026 .

156 1056 225 1134 tur,
249 1053 277 1116 si
300 1073 338 1116 eo
362 1050 594 1115 medicamento
618 1071 714 1114 sanus
737 1049 843 1114 factus
867 1049 910 1113 sit
933 1053 965 1113 et
988 1051 1081 1115 annis
1105 1052 1165 1117 ali-

158 1144 237 1224 quot
268 1142 344 1224 post
375 1138 523 1203 inciderit
554 1137 587 1201 in
618 1137 753 1202 eundem
784 1138 933 1202 morbum
959 1160 1018 1203 nec
1044 1139 1087 1203 ah
1115 1161 1165 1223 eo,

158 1229 287 1312 quicum
309 1227 492 1312 pepigerat,
519 1225 685 1378 impetret,
712 1228 750 1289 ut
775 1225 894 1290 iterum
922 1247 959 1291 cc
984 1227 1082 1291 liceat
1103 1229 1165 1312 uti,

158 1316 236 1400 quid
257 1314 440 1380 faciendum
463 1314 515 1378 sit.
587 1336 640 1376 um
665 1313 708 1377 sit
731 1313 759 1377 is
782 1314 991 1396 inhumanus,
1019 1315 1075 1398 qui
1097 1337 1167 1380 non

158 1403 321 1486 concedat,
342 1423 401 1466 uec
425 1402 454 1466 ei
475 1400 645 1485 quicquam
664 1401 722 1465 fiat
740 1402 885 1486 iniuriae,
907 1403 994 1467 vitae
1013 1407 1045 1466 et
1064 1403 1166 1469 saluti

106 1509 139 1560 93
160 1489 399 1557 consulendum.
448 1488 553 1564 Quid?
586 1489 614 1552 si
642 1489 697 1572 qui
725 1490 853 1574 sapiens
880 1494 1016 1575 rogatus
1045 1491 1089 1554 sit
1120 1493 1164 1556 ab

159 1601 206 1663 eo,
229 1579 376 1664 quicum
396 1576 545 1641 heredem
563 1576 672 1661 faciat,
695 1600 766 1642 cum
786 1578 816 1642 ei
833 1581 1029 1642 testamento
1049 1583 1166 1644 sester-

158 1667 242 1731 tim
268 1666 374 1731 milies
401 1665 616 1749 relinquatur,
643 1668 693 1748 ut,
723 1669 798 1731 ante
826 1687 922 1749 quam
950 1666 1167 1732 hereditatem

159 1691 267 1835 adeat,
295 1755 365 1818 luce
387 1754 496 1838 palam
519 1753 553 1817 in
579 1752 651 1817 foro
679 1754 790 1837 saltet,
817 1753 914 1838 idque
942 1776 976 1818 se
1002 1754 1168 1820 facturum

158 1841 358 1927 promiserit,
388 1841 474 1924 qnod
501 1841 597 1905 aliter
622 1840 771 1905 heredem
801 1863 874 1906 eum
901 1842 1080 1926 scripturus
1107 1843 1167 1909 ille

159 1951 224 1994 non
248 1932 341 2012 esset,
363 1928 472 2011 faciat,
496 1929 581 2013 quod
598 1929 793 2012 promiserit,
815 1930 938 1995 necne?
970 1929 1167 1997 Promisisse

158 2018 281 2082 nollem
303 2020 337 2081 et
357 2017 391 2080 id
414 2017 556 2081 arbitror
577 2015 677 2080 fuisse
701 2017 886 2102 gravitatis3
914 2017 1067 2100 quoniam
1091 2042 1168 2102 pro-

160 2105 262 2185 misit,
293 2105 320 2168 si
343 2105 463 2169 saltare
485 2104 520 2168 in
541 2103 612 2169 foro
636 2108 730 2189 turpe
753 2106 860 2188 ducet,
887 2103 1053 2169 honestius
1077 2128 1169 2171 men-

158 2193 267 2275 tietur,
291 2193 320 2256 si
342 2215 380 2257 ex
403 2192 583 2256 hereditate
604 2192 687 2255 nihil
711 2192 839 2277 ceperit,
862 2213 958 2274 quam
982 2191 1010 2255 si
1033 2194 1169 2279 ceperit,

159 2281 223 2345 nisi
244 2281 329 2344 forte
353 2303 424 2345 eam
447 2280 615 2364 pecuniam
637 2280 673 2344 in
694 2278 910 2364 reipublicae
932 2300 1089 2365 magnum
1108 2283 1169 2347 ali·

160 2368 246 2453 quod
268 2373 397 2452 tempus
419 2368 606 2451 contulerit,
634 2371 672 2432 ut
698 2368 751 2432 vel
777 2368 910 2452 saltare,
938 2389 1011 2432 cum
1039 2369 1168 2454 patriae

160 2457 365 2521 consulturus
390 2456 447 2540 sit,
470 2461 565 2540 turpe
586 2477 653 2520 nou
676 2455 728 2519 sit.

226 2544 275 2610 Ac
296 2565 338 2608 ue
360 2544 419 2608 illa
443 2544 571 2627 quidem
593 2545 755 2628 promissa
782 2543 939 2608 servanda
967 2547 1055 2628 sunt,
1083 2566 1168 2629 quae

159 2654 225 2698 nou
249 2635 324 2697 sunt
346 2631 387 2695 iis
410 2632 490 2716 ipsis
513 2631 623 2715 utilia,
647 2631 763 2715 quibus
785 2631 845 2696 illa
867 2632 1063 2716 promiseris.
1109 2631 1169 2698 Sol

159 2719 359 2786 Phaethonti
379 2720 458 2802 filio,
480 2723 517 2784 ut
539 2719 707 2785 redeamus
731 2718 771 2783 ad
791 2719 929 2803 fabulas,
951 2719 1114 2785 facturum
1132 2744 1169 2786 se

160 2830 229 2873 esse
258 2808 352 2890 dixit,
380 2807 531 2892 quicquid
554 2811 713 2892 optasset3
742 2807 884 2891 optavit,
911 2811 949 2872 ut
976 2808 1010 2872 iu
1036 2830 1169 2874 currum

160 2897 263 2980 patris
291 2896 474 2979 tolleretur3
504 2895 651 2959 sublatus
676 2899 734 2960 est.
779 2893 883 2979 Atqui
904 2896 946 2978 is,
969 2899 1045 2960 aute
1069 2919 1169 2981 quam

161 2984 324 3068 constitit,
359 2983 426 3048 ictu
460 2982 606 3047 fulminis
638 2983 837 3068 deflagravit.
892 2981 1020 3058 Quanto
1052 2984 1169 3050 melius

160 3071 267 3138 fuerat
294 3072 329 3136 iu
355 3071 418 3137 hoc
444 3071 640 3156 promissum
667 3071 771 3156 patris
797 3092 864 3136 non
891 3092 962 3136 esse
989 3076 1168 3138 servatum!

162 3157 258 3243 Quid,
295 3160 381 3243 quod
408 3158 552 3224 Theseus
586 3159 694 3244 exegit
720 3159 917 3243 promissum
946 3181 965 3223 a
991 3157 1170 3244 Neptuno?

162 3248 213 3312 eui
242 3269 315 3312 cum
346 3250 413 3311 tres
447 3247 629 3331 optationes
656 3245 827 3332 Neptunus
857 3247 1010 3330 dedisset,
1042 3248 1171 3333 optavit

161 3333 329 3398 interitum
346 3332 521 3419 Hippolyti
542 3334 611 3418 filii,
634 3357 708 3400 cum
729 3335 758 3398 is
781 3335 869 3420 patri
891 3339 1059 3420 suspectus
1083 3341 1172 3401 esset

162 3421 201 3487 de
219 3442 370 3505 noverca3
393 3444 457 3507 quo
476 3425 590 3506 optato
609 3424 783 3507 impetrato
798 3423 941 3489 Theseus
956 3424 990 3489 in
1008 3424 1172 3489 maxumis

107 2515 151 2642 il

63 3515 141 3703 ’95
161 3508 225 3574 fuit
243 3508 393 3574 luctibus.
435 3507 527 3594 Quid,
549 3512 630 3594 quod
646 3510 872 3597 Agamemnon
891 3534 964 3579 cum
985 3512 1173 3578 devovisset
