2446 3944
468 201 707 269 -523-

148 356 233 423 Huic
261 361 367 424 certae
397 358 570 442 stabilique
599 359 779 424 sententiae
812 380 893 445 quae
924 358 990 424 sint
1019 325 1146 451 con-15}

82 446 209 530 iuncta,
240 446 407 530 explicabo
439 446 537 511 brevi.
590 446 708 511 Nullus
740 447 774 511 in
805 447 885 531 ipsis
918 468 1007 511 error
1043 449 1093 510 est

82 534 200 598 finibus
224 534 383 618 bonorum
406 535 634 617 etmalorum,
660 534 767 598 idest
790 535 824 597 in
845 535 1013 619 voluptate
1036 536 1094 598 aut

83 622 118 686 in
148 621 271 706 dolore,
305 622 362 686 sed
388 621 491 686 iniis
520 623 615 686 rebus
643 625 788 706 peccant,
816 644 902 706 oum,
929 644 946 686 e
976 622 1093 705 quibus

84 709 164 774 hacc
192 709 384 792 efficiantur,
411 710 572 794 ignorant.
625 709 738 774 Animi
770 713 879 774 autem
909 710 1092 793 voluptates

84 801 118 862 et
149 797 275 863 dolores
302 797 393 862 nasci
420 798 560 863 fatemur
588 819 606 861 e
633 798 777 881 corporis
808 798 1029 881 voluptatibus
1060 801 1093 862 et

85 885 265 971 doloribus;
289 886 399 968 itaque
420 885 569 970 concedo,
593 884 677 969 quod
699 885 795 949 modo
819 884 956 969 dicebas,
979 885 1092 950 cadere

84 994 193 1056 causa,
218 974 246 1038 si
270 973 325 1057 qui
349 975 503 1038 enostris
522 974 619 1039 aliter
637 973 839 1057 existimant,
862 994 941 1056 quos
964 973 1093 1055 quidem

82 1060 176 1125 video
208 1083 278 1126 esse
306 1061 439 1146 multos,
468 1062 524 1126 sed
550 1062 732 1145 imperitos,
761 1081 956 1144 quamquam
984 1064 1093 1124 autam

84 1150 117 1211 et
138 1149 298 1214 laetitiam
320 1149 417 1214 nobis
439 1151 589 1232 voluptas
612 1148 713 1214 animi
740 1152 773 1213 et
795 1148 978 1213 molestiam
1001 1147 1093 1212 dolor

84 1236 211 1321 afferat,
241 1259 352 1302 eorum
378 1240 488 1302 tamen
510 1241 681 1320 utrumque
705 1240 738 1311 et
761 1240 867 1300 ortum
890 1257 960 1299 esse
983 1256 1000 1299 c
1023 1256 1092 1301 ocr-

82 1346 160 1407 pore
188 1328 221 1388 et
249 1325 290 1388 ad
317 1345 432 1408 eorpus
459 1324 587 1408 referri,
613 1346 672 1388 neo
699 1324 741 1389 ob
770 1346 842 1389 eam
869 1345 1000 1388 oausam
1024 1345 1092 1387 non

83 1413 186 1476 multo
219 1412 359 1476 maiores
392 1433 462 1476 esse
495 1414 528 1475 et
558 1413 742 1494 voluptates
770 1414 804 1475 et
833 1411 961 1476 dolores
992 1411 1092 1475 animi

83 1520 180 1581 quam
208 1499 363 1583 corporis.
410 1497 497 1563 Nam
525 1520 657 1582 corpore
684 1498 766 1563 nihil
793 1498 856 1563 nisi
883 1520 1035 1583 praesens
1059 1501 1093 1563 et

83 1586 169 1669 quod
198 1586 290 1651 adest
316 1587 434 1651 sentire
462 1608 647 1670 possumus,
674 1587 782 1651 animo
811 1589 919 1650 autem
946 1589 979 1649 et
1000 1608 1092 1669 prae-

82 1674 181 1738 terita
207 1677 240 1738 et
265 1673 383 1738 futura.
432 1673 479 1739 Ut
507 1676 594 1738 enim
622 1695 721 1758 aeque
749 1673 913 1739 doleamus
945 1674 1092 1757 [animo],

83 1783 155 1826 oum
179 1783 314 1846 corpore
338 1762 498 1844 dolemus,
526 1762 596 1826 fieri
617 1765 728 1826 tamen
750 1783 927 1846 permagna
950 1762 1091 1826 accessio

83 1851 205 1933 potest,
237 1850 266 1914 si
298 1849 429 1933 aliquod
456 1853 622 1915 aeternum
651 1853 684 1913 et
713 1850 876 1914 infinitum
907 1849 1091 1932 impendere

83 1938 206 2002 malum
232 1938 327 2003 nobis
355 1936 531 2022 opinemur.
581 1937 673 2013 Quod
700 1937 787 2001 idem
813 1938 889 2002 licet
915 1937 1091 2002 transferre

83 2025 118 2089 in
135 2026 345 2109 voluptatem,
363 2028 400 2090 ut
418 2047 456 2090 ea
474 2025 578 2092 maior
595 2025 646 2110 sit,
669 2025 697 2090 si
714 2024 798 2089 nihil
815 2025 882 2090 tale
901 2029 1091 2089 metuamus.

82 2112 154 2178 Iam
171 2113 252 2178 illud
271 2114 400 2198 quidem
417 2114 623 2198 perspicuum
641 2117 704 2197 est,
723 2113 823 2178 animi
841 2113 1017 2178 maximam
1036 2115 1092 2178 aut
1109 2128 1144 2179 56

83 2203 287 2285 voluptatem
310 2205 367 2267 aut
388 2202 573 2267 molestiam
589 2203 663 2285 plus
682 2204 738 2266 aut
756 2201 797 2265 ad
819 2201 949 2266 beatam
972 2203 1028 2265 aut
1051 2201 1092 2266 ad

83 2291 236 2355 miseram
259 2290 360 2354 vitam
383 2289 509 2354 adferre
531 2289 687 2354 momenti
714 2311 811 2372 quam
836 2311 947 2354 eorum
969 2292 1090 2353 utrum·

83 2378 146 2460 vis,
174 2378 202 2440 si
230 2398 328 2461 aeque
356 2377 411 2442 diu
438 2378 481 2442 sit
506 2378 704 2460 incorpore.
748 2375 824 2441 Non
850 2376 959 2460 placet
983 2379 1091 2440 autem

84 2463 230 2528 detracta
252 2465 417 2547 voluptate
440 2463 677 2548 aegritudinem
699 2463 812 2527 statim
834 2462 1001 2547 consequi,
1025 2462 1091 2526 nisi

84 2551 119 2615 in
141 2551 320 2634 voluptatis
343 2552 450 2615 locum
474 2551 568 2616 dolor
591 2551 675 2616 forte
694 2550 897 2634 successerit3
920 2554 955 2615 at
978 2552 1092 2615 contra

84 2638 223 2722 gaudere
242 2641 370 2704 nosmet
388 2638 574 2703 omittendis
594 2639 772 2720 doloribus,
796 2638 923 2703 etiamsi
941 2638 1090 2721 voluptas

84 2748 134 2810 ea,
157 2747 239 2810 quae
263 2747 392 2791 sensum
415 2729 558 2808 moveat,
579 2726 671 2790 nulla
694 2727 895 2809 successerit,
922 2747 1021 2810 eoque
1044 2726 1091 2789 in·

83 2814 195 2898 tellegi
221 2817 344 2898 potest,
372 2817 492 2898 quanta
517 2815 667 2897 voluptas
695 2813 831 2878 sitnon
857 2813 974 2880 dolere.
1027 2811 1089 2878 Sed
1108 2828 1142 2880 57

82 2906 120 2967 ut
141 2902 182 2966 iis
205 2902 298 2967 bonis
317 2901 484 2986 erigimur,
508 2923 587 2985 quae
606 2904 843 2985 exspectamur,
866 2902 913 2967 sic
932 2903 1090 2967 laetamur

82 2990 487 3162 tatttdtttt
512 2988 612 3149 ltl
629 2989 1090 3162 luliless'lilllt'tlffll'tltl

82 3165 212 3229 datione
231 3127 387 3231 redovata
404 3158 597 3241 deles*
756 3194 792 3221 :w
816 3166 915 3230 situm
934 3166 969 3229 in
985 3164 1089 3247 nobis,

82 3256 119 3317 ut
147 3256 179 3317 et
208 3253 341 3318 adversa
366 3254 459 3337 quasi
495 3286 500 3304 ⁴
531 3252 547 3341 1'
844 3253 1034 3337 ,obruamus
1058 3255 1090 3316 et

82 3341 221 3407 secunda
242 3340 379 3406 iucunde
406 3362 445 3407 ac
476 3372 501 3397 ³1
645 3371 715 3396 -ι-
929 3337 995 3409 Sed
1017 3363 1089 3406 oum

82 3451 134 3512 ea,
162 3450 243 3514 quae
269 3428 429 3512 praeterio
455 3460 482 3483 ιι
530 3443 536 3474 ³
719 3460 743 3484 ι·
891 3458 896 3466 ·

82 3539 169 3604 mur,
190 3520 262 3584 lum
278 3517 387 3605 fila....-
413 3547 483 3611 sqq,
601 3547 623 3572 Ι*
