2446 3944
541 231 582 241 —
629 192 784 258 550-

158 387 186 439 p.
206 359 270 438 157]
293 359 330 421 ut
356 355 390 419 in
419 343 533 442 agrum
556 354 750 419 Rutulorum
773 347 1064 438 Aboriginumlque
1092 373 1163 438 pro

160 445 293 527 cederet,
316 443 430 507 autin
452 444 536 507 ostio
560 441 720 524 Tiberino,
744 462 839 524 quem
860 440 1026 505 inlocum
1050 442 1162 505 multis

158 535 234 618 post
261 531 354 595 annis
381 552 437 595 rex
459 530 569 595 Ancus
596 529 756 595 coloniam
785 527 927 611 deduxit,
955 529 1070 592 urbem
1094 529 1162 614 ipse

159 619 323 700 conderet,
347 617 403 681 scd
425 617 486 682 hoc
509 617 558 681 vir
581 616 751 682 excellenti
772 615 977 700 providentia
1000 616 1105 681 sensit
1127 640 1162 682 ac

158 705 253 789 vidit,
281 726 348 770 non
375 726 444 768 esse
471 705 739 789 oportunissimos
767 704 849 768 situs
872 703 1054 768 maritimos
1079 706 1162 770 urbi-

159 795 220 858 bus
243 793 298 876 eis,
322 814 403 876 quae
427 792 467 857 ad
486 814 576 876 spem
595 791 816 856 diuturnitatis
834 791 1047 856 conderentur
1067 795 1162 876 atque

159 880 296 965 imperii,
319 881 460 964 primum
484 880 568 962 quod
587 882 695 944 essent
711 880 808 943 urbes
828 880 1010 944 maritimae
1028 900 1098 944 non
1115 903 1162 946 so·

159 997 187 1048 p.
203 971 266 1048 158]
291 969 359 1031 lum
381 967 493 1032 multis
511 967 661 1051 periculis
680 967 857 1051 oppositae,
881 967 936 1031 sed
954 964 1076 1054 etiaml
1097 989 1162 1033 cae-

126 1069 143 1117 o
161 1057 216 1121 cis.
246 1053 332 1119 Nam
355 1058 443 1119 terra
461 1055 627 1120 continens
646 1055 801 1119 adventus
819 1054 964 1119 hostium
981 1075 1049 1120 non
1067 1057 1161 1121 modo

161 1146 360 1228 expectatos,
393 1143 449 1207 sed
481 1142 578 1206 etiam
610 1142 795 1226 repentinos
827 1141 940 1207 multis
971 1142 1102 1208 indiciis
1131 1148 1162 1209 et

161 1231 255 1316 quasi
280 1230 410 1315 fragore
440 1230 578 1312 quodam
600 1233 633 1294 et
656 1229 764 1294 sonitu
786 1228 857 1312 ipso
881 1233 956 1294 ante
980 1231 1162 1315 denuntiat3

159 1341 264 1402 neque
294 1339 371 1382 vero
404 1317 574 1401 quisquam
604 1320 713 1402 potest
743 1315 848 1381 hostis
880 1317 1033 1383 advolare
1066 1323 1162 1403 terra,

162 1407 240 1490 quin
262 1427 335 1470 eum
357 1426 424 1470 non
445 1405 540 1470 modo
563 1426 642 1488 esse,
665 1404 721 1469 sed
744 1404 843 1468 etiam
865 1405 937 1488 quis
955 1407 989 1468 et
1006 1406 1093 1470 unde
1111 1406 1162 1490 sit,

162 1495 242 1558 scire
264 1493 434 1577 possimus.
469 1492 652 1558 Maritimus
674 1514 750 1558 vero
773 1493 828 1556 ille
851 1496 885 1556 et
905 1492 1033 1558 navalis
1057 1494 1162 1560 hostis

162 1584 236 1646 ante
268 1580 379 1645 adesse
410 1583 532 1664 potest,
564 1602 661 1664 quam
692 1580 863 1664 quisquam
891 1583 1066 1646 venturum
1093 1604 1162 1647 esse

160 1696 189 1748 p.
197 1671 261 1750 16⁷]
277 1668 433 1751 suspicari
448 1671 553 1751 queat,
566 1689 624 1732 nec
637 1690 723 1751 vcro,
736 1689 809 1732 cum
822 1668 920 1753 venit,
933 1691 1012 1753 prae
1026 1691 1062 1734 se
1074 1667 1078 1757 l
1089 1671 1161 1754 fert,

162 1760 219 1821 aut
241 1756 297 1840 qui
319 1755 363 1820 sit
386 1757 442 1819 aut
462 1755 546 1819 unde
568 1756 678 1819 veniat
699 1758 755 1819 aut
778 1756 876 1821 etiam
899 1757 976 1839 quid
997 1758 1089 1843 velit,
1112 1759 1162 1822 de·

160 1844 257 1928 nique
279 1865 319 1907 ne
341 1845 421 1907 nota
444 1843 571 1925 quidem
588 1843 667 1926 ulla,
688 1846 822 1927 pacatus
841 1865 883 1907 an
900 1843 1007 1908 hostis
1026 1846 1082 1931 sit,
1101 1847 1163 1910 dis·¹

121 1930 614 2114 {cernllsdcadtldihaihapritlerhis
637 2017 770 2083 urbibus
793 2017 892 2082 etiam
915 2019 1075 2102 quaedam
1095 2043 1161 2086 cor·

160 2104 289 2188 ruptela
311 2127 348 2169 ac
372 2104 549 2169 demutatio
567 2126 707 2189 morum3
730 2106 944 2171 admiscentur
962 2106 1051 2171 enim
1069 2109 1160 2175 novis

161 2191 361 2256 sermonibus
389 2213 426 2256 ac
453 2191 644 2276 disciplinis
659 2196 692 2256 et
718 2192 923 2277 inportantur
949 2215 1016 2259 non
1039 2218 1160 2262 merces

161 2280 266 2344 solum
293 2278 505 2362 adventiciae,
532 2280 588 2344 sed
615 2281 713 2345 etiam
740 2302 858 2364 mores,
884 2285 922 2345 ut
948 2282 1033 2346 nihil
1056 2286 1161 2369 possit

159 2396 187 2447 p.
208 2369 271 2448 168]
298 2366 333 2429 in
364 2367 480 2450 patriis
511 2367 670 2432 institutis
703 2389 831 2433 manere
863 2365 1046 2455 inltegrum.
1091 2372 1161 2437 Iam

161 2455 217 2538 qui
242 2454 387 2518 incolunt
414 2475 468 2518 eas
495 2457 605 2539 urbes,
631 2477 697 2520 non
718 2455 853 2520 haerent
874 2457 909 2520 in
931 2458 997 2522 suis
1022 2460 1162 2545 sedibus,

161 2542 217 2606 sed
234 2542 357 2606 volucri
375 2562 502 2626 semper
520 2564 576 2626 spe
590 2546 623 2606 εὴ
637 2543 833 2628 cogitatione
846 2544 1016 2628 rapiuntur
1030 2569 1051 2612 a
1065 2548 1161 2614 domo

160 2629 303 2714 longius,
328 2632 424 2712 atque
448 2629 546 2694 etiam
569 2651 641 2694 cum
663 2635 794 2695 manent
817 2653 958 2716 corpore,
981 2633 1091 2701 animo
1115 2641 1162 2702 ta·

161 2738 235 2781 men
262 2717 392 2781 exulant
421 2719 454 2780 et
480 2720 650 2802 vagantur.
693 2716 763 2783 Nec
788 2741 865 2785 vero
887 2721 956 2784 ulla
978 2741 1031 2785 res
1055 2726 1161 2810 magis

160 2803 390 2868 labefactatam
418 2804 472 2868 diu
498 2809 531 2869 et
558 2803 789 2890 Carthaginem
816 2811 849 2871 et
872 2805 1066 2874 Corinthum
1093 2834 1163 2897 per·

159 2891 259 2957 vertit
282 2890 455 2973 aliquando
479 2913 576 2975 quam
598 2892 650 2956 hic
673 2913 763 2958 error
785 2915 822 2959 ac
845 2894 1013 2979 dissipatio
1033 2898 1162 2984 civium,

159 3008 186 3059 p.
202 2981 266 3060 22⁷]
287 2978 371 3062 quod
389 2980 551 3043 mercandi
569 2979 744 3064 cupiditate
763 2985 795 3045 et
812 2979 997 3067 navilgandi
1015 2989 1050 3050 et
1069 3009 1163 3073 agro·

125 3078 141 3126 8
160 3089 233 3131 rum
256 3069 288 3131 et
311 3087 474 3131 armorum
497 3068 619 3132 cultum
637 3067 842 3151 reliquerant.
877 3069 983 3135 Multa
1000 3072 1104 3139 etiam
1124 3076 1164 3140 ad

159 3153 319 3219 luxuriam
350 3153 564 3220 invitamenta
591 3155 772 3240 perniciosa
799 3157 984 3222 civitatibus
1012 3162 1164 3247 subpedi-

158 3244 272 3306 tantur
298 3241 393 3326 mari,
421 3263 503 3326 quae
524 3243 577 3308 vel
599 3242 770 3327 capiuntur
791 3244 844 3308 vel
865 3245 1090 3334 inportantur;
1119 3256 1165 3316 at·

159 3351 220 3411 que
247 3329 346 3394 habet
374 3329 473 3394 etiam
501 3331 677 3395 amoenitas
703 3331 776 3415 ipsa
801 3332 854 3397 vel
876 3336 1088 3417 sumptuosas
1113 3341 1166 3405 vel

158 3416 334 3481 desidiosas
363 3417 542 3482 inlecebras
570 3419 690 3482 multas
718 3419 938 3504 cupiditatum.
983 3421 1045 3508 Et,
1078 3428 1167 3510 quod

159 3503 196 3568 de
219 3502 375 3569 Corintho
408 3505 488 3590 dixi,
519 3505 553 3569 id
579 3506 665 3571 haud
692 3506 759 3572 scio
786 3528 830 3572 an
854 3507 950 3573 liceat
978 3509 1018 3574 de
1046 3519 1168 3581 cuncta
