2446 3944
546 187 786 252 -330-

156 375 215 420 nec
234 353 406 417 observare
424 350 582 434 restricte,
600 373 639 415 ne
657 351 731 434 plus
749 349 862 414 reddat
877 371 974 432 quam
988 350 1166 434 acceperit,

157 462 259 525 neque
287 440 371 505 enim
400 438 574 504 verendum
602 441 664 521 est,
697 459 737 502 ne
766 437 843 521 quid
871 437 1008 520 excidat,
1036 440 1094 501 aut
1122 459 1165 502 ne

158 528 234 614 quid
262 527 296 592 in
322 531 444 593 terram
472 527 604 610 defluat,
636 529 693 590 aut
722 546 764 589 ne
790 526 864 609 plus
893 546 993 608 aequo
1023 524 1100 607 quid
1128 526 1166 590 in

37 630 46 641 ’
104 632 138 684 ss
157 614 333 683 amicitiam
360 619 563 700 congeratur.
608 613 735 678 Tertius
762 635 838 677 vero
866 613 924 677 ille‘
953 612 1026 675 finis
1059 612 1165 676 deter-

158 724 277 789 ruruus,
300 706 345 786 ut,
368 703 481 788 quanti
500 703 635 787 quisque
654 723 688 766 se
710 702 780 785 ipse
798 700 906 784 faciat,
929 700 1014 764 tanti
1036 699 1095 764 fiat
1120 702 1163 765 ab

157 791 279 859 amicis.
324 788 427 876 Saepe
453 791 539 855 enim
566 791 601 854 in
632 790 825 873 quibusdam
857 791 913 853 aut
945 788 1071 851 animus
1104 789 1164 852 ab·

157 879 271 947 iustior
303 883 353 945 est
384 881 442 944 aut
468 900 542 963 spes
570 877 814 962 amplificandae
840 877 989 941 fortunae
1016 876 1164 940 fractior.

156 966 233 1035 Nou
259 970 310 1033 est
337 966 439 1053 igitur
465 966 560 1032 amici
587 966 687 1030 talem
715 987 784 1029 esse
807 965 842 1028 in
863 986 950 1047 eum,
977 964 1082 1046 qualis
1106 964 1164 1028 ille

156 1055 191 1122 iu
213 1076 249 1121 se
271 1059 331 1136 ost,
353 1053 408 1119 sed
431 1054 540 1139 potius
563 1053 641 1118 eniti
664 1056 697 1116 et
720 1053 858 1134 efficere,
881 1056 918 1116 ut
941 1051 1035 1115 amici
1058 1052 1164 1116 iacen-

156 1146 224 1209 teur
247 1143 389 1209 animum
408 1141 525 1206 excitet
543 1140 736 1223 inducatque
754 1142 789 1204 ia
807 1161 898 1223 spem
917 1139 1163 1224 cogitationem-

157 1251 220 1316 que
241 1231 416 1296 meliorem.
452 1228 545 1292 Alius
568 1228 670 1312 igitur
692 1227 766 1290 finis
788 1249 883 1291 verae
903 1227 1063 1291 amicitiae
1087 1249 1163 1292 con-

156 1318 338 1383 stituendus
366 1320 428 1398 est,
457 1316 486 1379 si
512 1315 615 1398 prius,
648 1314 723 1398 quid
752 1337 900 1379 maxume
928 1314 1164 1398 reprehendere

156 1403 265 1491 Scipio
292 1404 408 1469 solitus
435 1403 491 1479 sit,
518 1402 637 1466 dixero.
681 1402 834 1488 Negabat
856 1403 957 1467 ullam
979 1425 1092 1467 vocem
1115 1403 1163 1466 in·

156 1493 332 1559 imiciorsm
356 1489 516 1555 amicitiae
538 1490 684 1573 potuisse
707 1491 842 1574 reperiri
869 1513 966 1574 quam
994 1491 1077 1573 eius,
1105 1491 1163 1574 qui

157 1580 290 1645 dixisset
321 1580 369 1642 ita
400 1599 509 1641 amare
541 1581 702 1661 oportere,
738 1581 775 1641 ut
808 1579 836 1642 si
868 1578 1041 1662 aliquando
1075 1583 1163 1643 esset

156 1689 284 1748 esurus,
309 1687 368 1730 nec
395 1686 528 1729 verosa
553 1665 666 1730 adduci
693 1687 802 1750 posse,
830 1670 867 1730 ut
894 1667 969 1748 hoc,
997 1688 1093 1749 quem
1121 1667 1163 1731 ad

155 1755 286 1820 modum
308 1756 486 1837 putaretur,
510 1775 529 1816 a
551 1751 668 1817 Biante
692 1776 761 1818 esse
785 1753 905 1818 dictum
929 1754 1082 1836 crederet,
1106 1755 1162 1838 qui

155 1842 283 1925 sapiens
310 1840 441 1905 habitus
469 1844 555 1904 esset
581 1863 664 1906 unus
692 1863 709 1904 e
737 1845 875 1925 septem3
906 1842 1026 1926 impuri
1058 1843 1161 1906 cuius-

155 1928 228 1994 dam
252 1931 308 1992 aut
331 1927 496 1993 ambitiosi
518 1931 575 1992 aut
598 1928 706 1993 omnia
729 1929 769 1992 ad
793 1951 884 1993 suam
907 1930 1090 2012 potentiam
1114 1952 1161 1995 re·

153 2015 300 2081 vocantis
327 2036 397 2079 esse
425 2015 626 2080 sententiam.
672 2015 818 2091 Quonam
846 2017 932 2080 enim
955 2017 1050 2081 modo
1075 2019 1161 2101 quis·

153 2125 252 2186 quam
275 2102 396 2168 amicus
420 2125 489 2167 esse
512 2104 633 2187 poterit
657 2104 695 2187 ei,
718 2105 768 2168 cui
792 2126 826 2167 se
844 2106 974 2188 putabit
992 2105 1160 2171 inimicum

154 2212 223 2254 esse
241 2191 358 2274 posse?
383 2191 460 2273 quin
484 2192 581 2255 etiam
604 2213 733 2255 necesse
757 2192 818 2255 erit
841 2213 956 2276 cupere
979 2197 1012 2256 et
1036 2198 1160 2278 optare,

152 2281 189 2341 ut
217 2299 313 2360 quam
342 2278 529 2362 saepissime
556 2282 666 2363 peccet
698 2279 819 2343 amicus
825 2330 833 2362 ,
866 2302 929 2362 quo
961 2281 1071 2364 plures
1106 2282 1160 2346 det

153 2365 215 2429 sibi
229 2369 396 2449 tamquam
412 2388 506 2430 ansas
522 2367 563 2431 ad
576 2366 884 2451 reprehendendum,
902 2390 1030 2431 rursum
1050 2374 1159 2434 autem

151 2456 238 2516 recte
260 2453 356 2518 factis
379 2455 618 2538 commodisque
642 2455 818 2520 amicorum
840 2477 969 2519 necesse
991 2457 1053 2520 erit
1072 2458 1160 2542 angi,

99 2555 134 2605 60
153 2540 269 2623 dolere,
288 2541 439 2606 invidere.
476 2542 581 2618 Quare
599 2543 660 2608 hoc
674 2544 802 2626 quidem
820 2548 1038 2627 praeceptum,
1057 2546 1161 2610 cuius-

152 2650 287 2712 cumque
307 2634 365 2712 est,
383 2631 424 2695 ad
442 2631 621 2695 tollendam
638 2633 814 2696 amicitiam
832 2632 933 2714 valet,
952 2632 1034 2696 illud
1047 2635 1159 2716 potius

151 2718 413 2801 praecipiendum
440 2718 517 2802 fuit,
546 2723 583 2783 ut
610 2741 682 2783 eam
706 2720 908 2804 diligentiam
931 2719 1159 2787 adhiberemus

150 2807 185 2869 in
209 2806 359 2870 amicitiis
383 2807 617 2891 comparandis,
640 2812 739 2872 utne
762 2807 889 2890 quando
912 2830 1020 2872 amare
1039 2809 1159 2893 incipe-

151 2915 258 2957 remus
287 2916 373 2977 eum,
404 2916 499 2977 quem
523 2895 696 2979 aliquando
721 2895 826 2960 odisse
849 2917 1027 2978 possemus
1074 2895 1159 2971 Quin

151 2981 263 3064 etiarn,
287 2982 314 3045 si
337 2983 444 3046 minus
466 2983 576 3047 felices
599 2983 634 3046 in
657 2982 820 3068 diligendo
843 2984 1033 3067 fuissemus,
1056 2985 1158 3049 feren·

151 3068 226 3133 dum
244 3069 278 3133 id
292 3067 398 3154 Scipio
419 3071 528 3154 potius
548 3093 644 3154 quam
662 3071 905 3135 inimicitiarum
924 3077 1052 3156 tempus
1073 3074 1158 3159 cogi·

150 3158 286 3221 tandum
308 3158 454 3242 putabat.

96 3221 138 3345 ἐξ
214 3243 276 3307 His
295 3246 396 3330 igitur
413 3246 532 3311 finibus
551 3246 706 3310 utendum
725 3247 875 3329 arbitror,
893 3250 939 3330 ut,
958 3270 1030 3312 eum
1050 3270 1158 3313 emen-

150 3330 217 3393 dati
240 3353 346 3397 mores
370 3334 547 3398 amicorum
570 3334 644 3417 sint,
667 3339 737 3398 tum
761 3335 804 3398 sit
827 3335 912 3399 inter
935 3357 989 3399 eos
1012 3337 1158 3401 omnium

149 3439 269 3502 rerum,
298 3421 519 3504 consiliorum,
546 3422 753 3486 voluntatum
781 3424 849 3486 sine
877 3423 946 3486 ulla
969 3423 1158 3506 exceptione

71 3507 372 3711 *munitas
391 3512 436 3594 ut,
455 3509 585 3573 etiamsi
603 3531 666 3592 qua
680 3509 813 3574 fortuna
826 3509 978 3575 acciderit
992 3513 1029 3574 ut
1048 3511 1158 3576 minus
