2446 3944
438 180 677 246 -495-

57 339 301 422 laetissumique
330 338 454 404 fructus
482 340 566 404 nihil
594 340 723 405 omnino
751 340 792 404 ad
818 339 939 405 bestias
962 338 1059 424 perti-

57 431 144 493 nent.
193 427 305 510 Neque
338 427 423 491 enirn
456 428 581 492 serendi
611 450 713 511 neque
745 428 870 492 colendi
896 449 954 492 nec
981 431 1060 491 tenr-

58 516 183 601 pestive
215 515 395 579 demetendi
423 515 681 601 percipiendique
708 515 832 580 fructus
858 536 961 598 neque
988 537 1060 580 con-

59 604 154 668 dendi
172 626 209 669 ao
222 603 396 687 reponendi
410 603 478 666 ulla
491 603 647 688 pecudum
662 603 796 667 scientia
809 607 868 687 est,
887 624 1059 686 earumque
1070 653 1112 718 63

60 691 203 756 omnium
232 713 339 755 rerum
369 691 536 755 hominum
566 695 616 755 est
645 695 677 755 et
705 712 783 755 usus
811 694 844 754 et
871 713 955 755 cura.
999 689 1046 754 Ut
1062 731 1112 780 157

58 780 137 844 fides
160 779 262 864 igitur
285 783 317 843 et
335 778 433 842 tibias
453 801 563 843 eorum
582 800 678 844 causa
695 778 798 842 factas
817 778 983 844 dicendum
1001 781 1060 862 est,

60 868 116 950 qui
137 867 204 930 illis
227 867 277 930 uti
298 870 445 951 possent,
473 867 519 931 sic
543 888 593 951 ea,
617 889 698 950 quae
721 866 800 950 dixi,
822 866 862 930 iis
887 867 964 931 solis
988 887 1060 931 con-

59 954 215 1019 fitendum
242 958 292 1019 est
319 977 388 1019 esse
415 957 545 1039 parata,
573 955 627 1038 qui
649 958 797 1039 utuntur,
826 975 897 1038 nec,
928 954 1060 1036 siquae

60 1043 183 1107 bestiae
212 1042 361 1107 furantur
389 1043 512 1126 aliquid
540 1065 578 1106 ex
604 1043 645 1106 iis
673 1045 730 1107 aut
756 1042 900 1126 rapiunt,
928 1041 1060 1105 illarum

61 1153 186 1214 quoque
210 1152 306 1195 causa
329 1153 366 1194 ea
388 1134 466 1194 nata
489 1152 559 1194 esse
582 1130 731 1196 dicemus.
768 1129 880 1213 Neque
901 1129 987 1192 enim
1005 1128 1061 1192 ho·

60 1219 162 1282 mines
190 1241 317 1282 murum
341 1221 397 1283 aut
419 1218 627 1282 formicarum
650 1240 747 1282 causa
768 1217 966 1281 frumentum
988 1238 1060 1281 cou-

61 1306 149 1388 dunt,
168 1307 224 1369 sed
240 1306 412 1391 coniugum
426 1310 459 1369 et
472 1307 649 1370 liberorum
664 1310 696 1370 et
709 1305 907 1369 familiarum
921 1327 1060 1369 suarum.

60 1393 174 1475 Itaque
193 1393 316 1457 bestiae
334 1392 456 1476 furtim,
478 1397 516 1457 ut
535 1394 609 1477 dixi,
630 1393 790 1477 fruuntur,
813 1393 935 1456 domini
952 1393 1061 1477 palam

61 1484 94 1545 et
120 1480 230 1547 libere.
274 1479 452 1543 Hominum
481 1481 582 1566 igitur
611 1504 708 1546 causa
735 1502 789 1544 eas
816 1503 924 1544 rerum
951 1480 1113 1564 copias158

63 1571 267 1651 comparatas
290 1567 457 1631 fatendum
481 1572 543 1652 est,
565 1568 629 1632 nisi
650 1568 735 1632 forte
758 1572 852 1632 tanta
873 1568 1005 1632 ubertas
1029 1571 1062 1631 et

61 1655 202 1721 varietas
234 1673 404 1740 pomorum
436 1677 608 1739 eorumque
635 1656 790 1720 iucundus
818 1677 884 1720 non
912 1659 1061 1741 gustatus

63 1746 181 1828 solum,
209 1743 265 1807 sed
293 1743 444 1807 odoratus
473 1744 571 1808 etiam
599 1747 631 1807 et
655 1747 804 1829 aspectus
827 1743 1062 1807 dubitationem

63 1832 181 1914 adfert,
218 1831 295 1915 quin
330 1831 514 1895 hominibus
552 1831 629 1896 solis
667 1853 705 1896 ea
737 1835 855 1896 natura
887 1831 1062 1896 donaverit.

62 1920 266 2002 Tantumque
289 1919 389 2003 abest,
411 1923 449 1982 ut
471 1919 550 1984 haec
572 1919 750 1983 bestiarum
773 1919 871 1984 etiam
895 1942 991 1984 causa
1008 1941 1063 2004 pa·

62 2012 134 2071 rata
157 2008 236 2090 sint,
257 2011 295 2071 ut
316 2007 404 2092 ipsas
427 2007 549 2071 bestias
571 2007 739 2072 hominum
762 2008 869 2093 gratia
892 2010 1062 2093 generatas

62 2118 131 2160 esse
159 2095 332 2160 videamus.
378 2094 461 2170 Quid
488 2095 573 2159 enim
601 2117 677 2161 oves
700 2096 788 2160 aliud
811 2095 973 2179 adferunt,
999 2095 1063 2158 nisi

61 2189 98 2248 ut
121 2205 230 2248 earum
253 2183 340 2248 villis
363 2183 518 2248 confectis
542 2187 639 2267 atque
662 2183 821 2248 contextis
842 2184 988 2248 homines
1012 2205 1063 2248 ve

62 2272 224 2336 stiantur?
248 2293 329 2354 quae
353 2271 482 2354 quidem
503 2294 606 2355 neque
630 2271 673 2335 ali
694 2294 798 2355 neque
817 2271 993 2335 sustentari
1010 2293 1063 2335 ne

64 2381 124 2442 que
151 2359 254 2422 ullum
280 2358 422 2423 fructum
450 2359 542 2423 edere
570 2381 608 2422 ex
636 2381 670 2422 se
693 2360 761 2422 sine
784 2359 874 2422 cultu
895 2358 1063 2422 hominum

64 2449 96 2509 et
119 2445 282 2509 curatione
304 2446 495 2528 potuissent.
536 2445 660 2511 Canum
681 2467 758 2510 vero
781 2449 850 2509 tam
872 2446 937 2509 fida
960 2449 1064 2510 ousto-

65 2533 117 2597 dia
152 2537 283 2615 tamque
319 2554 431 2596 amans
464 2533 665 2596 dominorum
697 2532 840 2597 adulatio
873 2536 1063 2615 tantumque

65 2621 172 2684 odium
198 2620 233 2682 in
261 2623 408 2683 externos
437 2622 470 2682 et
494 2624 563 2683 tam
585 2619 781 2683 incredibilis
805 2619 846 2683 ad
868 2619 1063 2705 investigan-

65 2709 140 2772 dum
159 2707 320 2792 sagacitas
337 2706 474 2789 narium,
496 2710 590 2771 tanta
609 2707 760 2770 alacritas
778 2706 813 2769 in
826 2707 972 2772 venando
987 2706 1063 2790 quid

65 2795 227 2880 significat
245 2794 333 2858 aliud
349 2794 414 2858 nisi
432 2816 466 2858 se
485 2795 525 2858 ad
543 2793 710 2858 hominum
729 2794 973 2858 commoditates
993 2816 1062 2858 esse

66 2883 257 2968 generatos?
289 2881 372 2957 Quid
390 2882 428 2945 de
445 2882 551 2946 bubus
570 2882 706 2964 loquar?
726 2902 861 2965 quorum
874 2881 947 2966 ipsa
960 2887 1054 2967 terga
1064 2893 1114 2941 159

66 2972 230 3035 declarant
255 2992 322 3035 non
348 2991 417 3035 esse
446 2991 479 3034 se
502 2971 543 3035 ad
566 2991 645 3034 onus
669 2970 887 3054 accipiendum
909 2971 1063 3056 figurata3

65 3059 202 3124 cervices
226 3063 334 3123 autem
356 3061 452 3122 natae
475 3057 515 3122 ad
537 3058 658 3142 iugum,
679 3061 750 3122 tum
772 3057 857 3122 vires
880 3080 1063 3123 umerorum

65 3151 98 3211 et
116 3148 302 3211 latitudines
323 3147 363 3211 ad
378 3150 486 3211 aratra
502 3146 733 3227 [ex]trahenda.
765 3145 897 3229 Quibus
916 3169 987 3210 cum
1001 3150 1063 3210 ter-

64 3258 120 3300 rae
144 3235 368 3321 subigerentur
390 3235 520 3298 fissione
544 3235 720 3320 glebarum,
746 3235 786 3298 ab
808 3234 867 3297 illo
891 3256 987 3298 amec
1011 3255 1064 3319 ge

64 3346 153 3476 perge,
179 3328 216 3388 ut
238 3326 353 3408 podtae
377 3323 561 3407 loquuntur,
582 3322 632 3387 vis
654 3321 746 3385 nulla
767 3343 920 3405 umquam
943 3321 1152 3687 adfers!

88 3435 106 3476 a
124 3433 171 3476 ur.
1079 3436 1094 3467 .··

130 3498 269 3566 Ferrea
296 3503 376 3565 tum
398 3520 488 3565 vero
510 3498 640 3582 proles
664 3501 799 3562 exorta
820 3500 980 3582 repente
1003 3516 1043 3563 es
1060 3510 1069 3569 ζ’
