2446 3944
565 169 718 234 --320
764 205 805 214 —

178 333 263 397 enim
287 352 487 417 generorum,
509 333 705 416 praesertim
726 332 761 396 in
783 354 817 396 re
839 332 934 416 bona,
957 353 1030 398 cum
1053 333 1194 402 difficile

178 424 241 503 est,
263 423 334 483 tum
355 440 396 483 ne
419 441 557 502 aequum
579 421 708 504 quidem
731 420 897 484 obsistere.

244 505 438 591 Saepissime
451 507 552 592 igitur
566 508 647 572 mihi
662 508 700 572 dc
714 508 857 572 amicitia
871 506 1029 591 cogitanti
1043 509 1192 574 maxime

177 595 260 658 illud
287 594 553 659 considerandum
580 595 682 660 videri
710 596 807 678 solet,
838 598 948 659 utrum
974 598 1113 679 propter
1143 597 1191 661 in·

177 682 389 747 becillitatem
413 686 510 766 atque
532 682 675 768 inopiam
699 683 879 747 desiderata
902 683 945 747 sit
969 682 1129 767 amicitia,
1153 688 1191 751 ut

178 770 292 834 dandis
315 770 569 854 recipiendisque
591 770 716 835 meritis
740 770 826 854 quod
847 769 981 852 quisque
1000 770 1110 835 minus
1129 794 1190 856 per

178 879 212 922 se
235 858 305 942 ipse
327 861 451 942 posset,
478 858 512 922 id
538 859 697 942 acciperet
724 858 765 922 ab
793 857 858 922 alio
886 857 1095 940 vicissimque
1118 861 1190 924 red·

179 944 281 1029 deret,
308 968 351 1010 an
373 949 459 1010 esset
481 946 543 1010 hoc
571 946 700 1029 quidem
727 945 895 1029 proprium
922 945 1100 1030 amicitiae,
1131 948 1189 1012 sed

179 1034 343 1117 antiquior
362 1037 394 1097 et
412 1034 578 1117 pulchrior
597 1036 629 1097 et
647 1034 752 1118 magis
772 1056 791 1097 a
808 1037 926 1097 natura
944 1033 1016 1116 ipsa
1038 1034 1188 1118 profecta

179 1122 244 1186 alia
271 1142 376 1186 causa.
421 1119 524 1185 Amor
551 1120 650 1198 enim,
681 1142 721 1184 ex
753 1143 815 1204 quo
845 1120 989 1185 amicitia
1015 1122 1189 1187 nominata

179 1213 238 1292 est,
256 1209 404 1292 princeps
419 1212 469 1272 cst
483 1208 523 1272 ad
536 1208 790 1273 benivolentiam
804 1208 1069 1294 coniungendam.
1100 1209 1189 1275 Nam

178 1296 338 1361 utilitates
365 1295 493 1379 quidem
516 1297 615 1360 ctiam
638 1295 679 1360 ab
702 1296 742 1359 iis
761 1296 981 1379 percipiuntur
1000 1317 1108 1381 saepe,
1132 1299 1188 1381 qui

179 1384 385 1448 simulatione
404 1383 564 1449 amicitiae
583 1385 733 1449 coluntur
748 1387 780 1447 et
795 1384 1007 1448 observantur
1027 1385 1187 1469 temporis

179 1494 284 1555 causa,
306 1472 341 1535 in
364 1471 507 1537 amicitia
530 1475 638 1536 autem
659 1472 742 1535 nihil
764 1472 876 1536 fictum
899 1475 957 1554 est,
979 1470 1063 1535 nihil
1089 1473 1187 1539 simu·

178 1561 283 1625 latum
306 1563 351 1641 ct,
379 1559 534 1643 quidquid
557 1563 618 1638 est,
641 1560 675 1623 id
695 1563 745 1623 cst
762 1580 874 1623 verum
898 1562 930 1623 et
952 1559 1185 1626 voluntarium.

126 1661 158 1711 27
179 1647 383 1732 Quapropter
406 1669 425 1711 a
446 1652 565 1712 natura
587 1647 667 1711 mihi
688 1647 816 1711 videtur
833 1647 942 1731 potius
962 1668 1060 1729 quam
1079 1649 1122 1713 ab
1140 1650 1187 1714 in·

179 1736 322 1821 digentia
346 1737 419 1798 orta
443 1735 596 1814 amicitia,
621 1735 836 1819 adplicatione
859 1735 964 1820 magis
988 1735 1090 1799 animi
1114 1759 1186 1803 cum

179 1822 318 1905 quodam
337 1843 434 1885 sensu
452 1822 581 1886 amandi
599 1845 696 1905 quam
714 1821 921 1907 cogitatione,
945 1826 1105 1905 quantum
1127 1825 1187 1890 illa

177 1931 230 1973 res
252 1908 407 1973 utilitatis
432 1913 516 1973 esset
538 1908 699 1974 habitura.
746 1908 838 1984 Quod
860 1910 988 1993 quidem
1012 1911 1110 1994 quale
1134 1913 1185 1996 sit,

179 1996 277 2061 etiam
300 1996 335 2059 in
356 1996 470 2060 bestiis
494 1995 686 2079 quibusdam
714 1997 928 2061 animadverti
950 2001 1074 2082 potest,
1103 2022 1184 2083 quae

179 2106 218 2148 ex
241 2106 275 2148 se
297 2086 393 2147 natos
416 2084 463 2147 ita
486 2088 598 2148 amant
621 2085 662 2148 ad
685 2085 845 2167 quoddam
867 2088 994 2168 tempus
1018 2089 1052 2150 et
1076 2088 1184 2153 abeis

177 2172 226 2236 ita
249 2173 412 2247 amantur,
434 2174 471 2234 ut
493 2171 588 2255 facile
612 2193 721 2235 earum
746 2194 858 2236 sensus
882 2177 1046 2257 appareat.
1092 2174 1185 2250 Quod

177 2259 211 2323 in
233 2258 363 2322 homine
386 2259 489 2321 multo
513 2261 563 2320 cst
586 2257 781 2342 evidentius,
810 2260 950 2343 primum
978 2282 1017 2324 cx
1041 2282 1079 2326 ea
1103 2263 1185 2327 cari-

177 2349 259 2430 tate,
288 2367 369 2428 quae
397 2348 446 2408 est
473 2344 559 2409 inter
585 2350 680 2410 natos
709 2350 741 2411 et
768 2351 931 2431 parentes,
964 2369 1046 2430 quae
1074 2350 1185 2415 dirimi

176 2433 241 2497 nisi
264 2431 449 2497 detestabili
472 2433 591 2497 scelere
614 2456 679 2499 non
705 2437 827 2518 potest;
855 2435 967 2498 deinde
995 2457 1068 2501 cum
1098 2439 1184 2502 simi-

73 2536 75 2541 ’
177 2522 218 2586 lis
234 2541 346 2585 sensus
366 2520 473 2583 extitit
493 2521 622 2605 amoris,
642 2522 671 2586 si
688 2523 828 2605 aliquem
847 2523 934 2587 nacti
952 2545 1072 2608 sumus,
1093 2527 1184 2591 cuius

178 2632 251 2674 cum
273 2607 417 2671 moribus
441 2612 473 2672 et
491 2613 609 2674 natura
627 2632 852 2695 congruamus
876 2610 961 2693 quod
978 2611 1013 2674 in
1031 2633 1069 2676 eo
1089 2614 1184 2696 quasi

177 2698 286 2762 lumen
310 2696 441 2778 aliquod
463 2696 638 2781 probitatis
662 2703 694 2761 et
717 2698 847 2762 virtutis
873 2698 1054 2782 perspicere
1077 2702 1184 2767 videa-

125 2799 159 2847 28
178 2807 257 2850 mur.
303 2783 394 2847 Nihil
422 2788 472 2847 est
500 2785 585 2848 enim
612 2785 733 2850 virtute
761 2785 945 2869 amabilius,
972 2786 1069 2871 nihil,
1097 2790 1184 2873 quod

177 2871 281 2956 magis
306 2871 437 2935 adliciat
456 2871 497 2935 ad
512 2872 719 2957 diligendum,
742 2873 860 2956 quippe
879 2896 951 2938 cum
969 2878 1104 2958 propter
1121 2878 1185 2941 vir·

177 2964 281 3024 tutem
304 2963 337 3022 et
359 2959 557 3043 probitatem
580 2960 678 3024 etiam
702 2981 771 3043 eos,
801 2982 881 3042 quos
904 2983 1081 3044 numquam
1104 2965 1184 3030 vidi-

176 3045 1183 3217 ltaltltltl,littttiqltttttttltltl

176 3224 324 3303 usurpet,
347 3243 427 3303 quos
449 3243 625 3306 numquam
647 3222 786 3287 viderit?
811 3223 882 3306 quis
907 3227 1015 3289 autem
1039 3230 1104 3310 est,
1129 3227 1183 3312 qui

177 3306 388 3388 Tarquinium
411 3306 599 3393 Superbum,
624 3311 679 3394 qui
702 3308 755 3394 sp.
779 3309 936 3395 Cassium,
960 3310 1013 3396 Sp.
1027 3311 1184 3380 Maelium

176 3414 243 3457 non
262 3395 386 3460 oderit?
424 3394 505 3461 Cum
524 3397 646 3463 duobus
666 3398 800 3463 ducibus
821 3399 858 3462 de
876 3399 1012 3484 imperio
1031 3401 1066 3465 in
1084 3402 1185 3469 Italia

176 3484 227 3545 est
241 3482 448 3569 decertatum,
466 3483 590 3569 Pyrrho
606 3491 639 3551 et
651 3485 850 3572 Hannibale;
870 3487 911 3552 ab
931 3489 1033 3553 altero
1047 3496 1186 3579 propter
