2446 3944
332 169 333 172 Ἴ
464 217 510 273 -’-,
551 196 617 263 439
663 236 705 246 -

84 365 195 426 turea
217 361 303 426 bona
326 360 460 425 dicenda
477 380 535 425 nec
553 360 714 438 habenda,
738 359 852 444 quibus
871 359 1089 425 abundantem

86 450 163 513 lieet
190 470 260 513 esse
287 448 521 512 miserrimum·
560 446 612 512 An
640 447 783 531 dubitas,
811 449 889 531 quin
919 452 1088 531 praestans
1108 467 1144 517 45

85 536 280 620 valetudine,
302 536 437 614 viribus,
459 536 578 618 form'a,
601 535 775 600 acerrumis
798 536 1089 621 integerrumisque

86 624 249 709 sensibus,
276 624 356 689 adde
383 624 493 707 etiam,
520 623 548 688 si
570 623 674 706 lubet,
701 624 924 707 pernicitatem
949 628 982 688 et
1003 625 1091 689 velo·

85 713 231 795 citatem,
254 712 295 776 da
313 711 456 794 divitias,
479 711 630 796 honores,
652 712 802 795 imperia,
825 734 915 801 opes,
938 712 1091 798 gloriamt

85 800 114 864 si
146 800 244 864 fuerit
275 799 317 884 is,
348 800 404 883 qui
431 799 511 864 haec
537 799 648 883 habet,
679 797 831 878 iniustus,
862 800 1090 884 intemperans,

85 888 232 971 timidus,
254 887 364 952 hebeti
386 888 517 973 ingenio
541 891 636 971 atque
658 887 762 971 nullo,
791 886 994 954 dubitabisne
1017 910 1090 953 eum

85 977 236 1040 miserum
260 975 385 1042 dicere?
430 974 547 1052 Qualia
575 975 676 1060 igitur
697 975 762 1039 ista
783 976 871 1040 bona
894 979 981 1061 sunt,
1009 986 1089 1060 quae

83 1064 140 1148 qui
166 1063 299 1146 habeat,
326 1063 524 1127 miserrimus
552 1084 622 1127 esse
650 1062 776 1145 possit?
824 1062 1012 1147 Videamus,
1041 1085 1090 1148 ne,

84 1154 121 1215 ut
149 1172 281 1216 acervus
310 1173 348 1215 ex
375 1151 426 1215 sui
453 1151 580 1235 generis
608 1150 731 1234 granis,
759 1149 804 1215 sic
831 1151 928 1216 beata
953 1151 1022 1216 vita
1051 1174 1090 1216 ex

85 1239 136 1303 sui
158 1239 318 1304 similibus
341 1239 488 1322 partibus
512 1237 594 1302 effici
621 1238 744 1303 debeat.
798 1237 889 1314 Quod
912 1238 939 1303 si
960 1239 1008 1304 ita
1031 1243 1090 1323 cst,

83 1349 123 1391 ex
141 1327 247 1411 bonis,
270 1347 351 1410 quae
370 1327 441 1391 sola
458 1325 595 1390 honesta
614 1329 702 1408 sunt,
728 1325 931 1391 efficiendum
950 1331 1000 1392 est
1018 1329 1090 1392 bea·

83 1419 167 1497 tum3
190 1436 229 1478 ea
251 1415 354 1478 mixto
376 1435 414 1478 ex
437 1414 646 1478 dissimilibus
670 1414 699 1478 si
722 1418 828 1497 erunt,
854 1413 1027 1481 honestum
1051 1438 1090 1480 er

84 1501 125 1564 iis
148 1501 233 1566 effici
255 1501 340 1565 nihil
363 1503 495 1585 poterit3
520 1523 582 1586 quo
607 1501 752 1567 detracto
776 1501 852 1586 quid
874 1505 995 1585 poterit
1016 1504 1090 1568 bea·

83 1593 154 1653 tum
185 1589 354 1673 intellegi?
407 1589 550 1672 Etenim,
582 1589 732 1673 quicquid
759 1593 822 1673 cst,
855 1590 939 1674 quod
968 1592 1089 1656 bonum

85 1676 141 1759 sit,
167 1676 201 1740 id
228 1677 441 1760 expetendum
468 1681 529 1760 est3
557 1677 641 1761 quod
668 1680 776 1741 autem
804 1679 1028 1762 expetendum,
1056 1680 1089 1743 id

85 1767 170 1829 certe
194 1763 448 1849 adprobandum3
472 1765 558 1848 quod
581 1786 654 1829 vero
678 1764 882 1847 adprobaris,
904 1766 937 1829 id
960 1771 1089 1851 gratum

85 1856 313 1935 acceptumque
339 1852 534 1935 habendum3
561 1873 639 1936 ergo
671 1853 769 1916 etiam
801 1852 941 1936 dignitas
972 1853 1003 1917 ei
1033 1854 1089 1918 tri-

84 1940 213 2003 buenda
244 1943 301 2003 est.
354 1938 446 2015 Quod
478 1940 506 2004 si
532 1941 579 2004 ita
606 1943 667 2022 est,
694 1940 856 2004 laudabile
888 1942 930 2005 sit
958 1962 1088 2006 neeesse

86 2030 147 2110 est3
174 2028 295 2092 bonum
321 2028 421 2112 igitur
445 2049 539 2092 omne
565 2028 736 2092 laudabile.
780 2028 831 2093 Ex
854 2050 917 2112 quo
941 2029 1088 2113 efficitur,

85 2120 136 2199 ut,
158 2115 245 2198 quod
267 2115 311 2191 sit
331 2116 517 2198 honestum,
540 2116 574 2180 id
597 2117 640 2180 sit
662 2116 768 2180 solum
790 2116 921 2181 bonum.
1099 2165 1141 2230 ,6

150 2202 243 2279 Quod
268 2203 304 2266 ni
330 2204 376 2267 ita
402 2204 598 2288 tenebimus,
624 2204 727 2268 multa
754 2207 859 2287 erunt,
890 2226 970 2288 quae
992 2206 1087 2270 nobis
1105 2243 1142 2292 46

84 2292 169 2355 bona
193 2290 325 2354 dicenda
348 2292 426 2373 sint3
455 2292 570 2358 omitto
598 2292 727 2356 divitias
758 2289 852 2377 (quas
880 2315 950 2357 cum
983 2293 1087 2377 quivis

85 2379 229 2461 quamvis
248 2379 398 2464 indignus
417 2379 536 2443 habere
554 2379 670 2463 possit,
693 2380 727 2443 in
744 2380 838 2443 bonis
857 2401 923 2443 non
940 2402 1087 2463 numer03

86 2466 170 2548 quod
196 2466 282 2530 enim
306 2470 356 2530 est
382 2468 515 2551 bonum,
541 2468 575 2531 id
596 2488 662 2531 non
684 2467 787 2550 quivis
815 2467 933 2530 babere
955 2467 1087 2551 potest),

85 2554 200 2618 omitto
235 2554 439 2618 nobilitatem
475 2555 656 2638 famamque
692 2554 881 2638 popularem
914 2554 1087 2619 stultorum

84 2641 356 2726 inproborumque
384 2664 542 2706 consensu
571 2642 757 2723 excitatam
784 2639 879 2717 haec,
908 2645 1088 2724 quaesunt
1165 2686 1168 2691 ,

84 2729 233 2812 minima,
259 2732 369 2794 tamen
395 2731 481 2795 bona
508 2730 652 2793 dicantur
678 2749 806 2792 necesse
837 2730 900 2792 est:
928 2728 1088 2794 candiduli

85 2817 210 2900 dentes,
236 2818 363 2881 venusti
391 2819 489 2900 oculi,
517 2818 605 2882 color
632 2816 738 2880 suavis
767 2818 800 2879 et
827 2837 878 2901 ea,
911 2837 992 2899 quae
1021 2815 1088 2880 An-

83 2904 180 2968 ticlea
202 2904 313 2968 laudat
335 2904 423 2970 Ulixi
446 2906 542 2988 pedes
567 2905 713 2969 abluens:

126 3024 316 3092 Lenitudo
342 3029 545 3111 cretionis,
568 3027 773 3093 mdllitudo
797 3027 978 3110 corporis.

82 3166 133 3232 Ea
152 3167 180 3231 si
202 3166 288 3232 bona
311 3166 475 3249 ducemus,
499 3166 575 3251 quid
594 3167 655 3231 erit
673 3167 707 3231 in
724 3167 909 3250 philosophi
926 3167 1086 3252 gravitate

83 3277 181 3340 quam
208 3255 243 3318 in
269 3256 358 3338 volgi
381 3255 530 3338 opinione
554 3255 786 3338 stultorumque
808 3256 904 3320 turba
935 3255 1020 3339 quod
1042 3257 1087 3320 di-

83 3346 174 3407 catur
210 3345 266 3406 aut
299 3343 427 3426 gravius
460 3344 516 3408 aut
547 3342 722 3427 grandius?
782 3341 827 3406 At
858 3343 944 3407 enim
976 3344 1087 3411 eadem
1104 3357 1139 3407 41

83 3429 183 3495 Stoici
206 3428 409 3512 ‘praecipua'
432 3430 483 3494 vel
508 3428 692 3513 ‘producta’
716 3429 838 3514 dicunt,
867 3453 947 3515 quae
971 3429 1009 3496 ‘b

81 3518 146 3583 isti.
190 3517 311 3582 Dicunt
336 3517 386 3581 illi
413 3517 554 3602 quidem,
581 3519 638 3583 sed
659 3518 700 3581 iis
722 3518 822 3584 vitam
848 3519 978 3585 beatam
1026 3604 1030 3609 Ι
