2446 3944
466 197 617 262 -429
664 231 705 241 -

83 361 139 445 qui
170 381 236 425 non
268 359 363 425 modo
395 379 434 424 ea
464 359 576 425 futura
605 359 714 443 timet,
745 381 856 436 verum
893 359 997 432 etiam
1026 359 1091 425 fert

84 448 284 531 sustinetque
318 447 523 530 praesentia?
563 446 644 512 adde
680 446 793 512 eodem
833 446 942 531 exilia,
976 447 1091 531 luctus,

84 536 255 618 orbitates3
284 535 339 618 qui
366 535 461 600 rebus
489 534 541 600 his
568 534 692 599 fractus
720 534 920 619 aegritudine
953 535 1091 616 eliditur,

82 626 192 706 potest
221 622 354 687 tandem
389 643 458 688 esse
494 643 560 688 non
595 622 816 687 miserrimus?
875 621 959 698 Quid
992 622 1091 688 vero?

84 799 210 882 demus,
228 797 338 862 omnia
354 798 466 862 rabide
485 797 689 880 adpetentem
707 819 779 862 oum
797 797 985 880 inexplebili
1004 798 1090 882 eupi-

83 886 198 969 ditate,
225 903 352 969 quoque
380 885 565 950 affluentius
586 885 770 967 voluptates
790 885 931 969 undique
953 884 1092 969 hauriat,

82 972 527 1136 sslmffilllelldlmdllll
548 972 1090 1144 lttttldltttttltt

83 1148 210 1213 laetitia
237 1148 384 1213 exultans
413 1151 446 1212 et
471 1151 592 1212 temere
619 1147 760 1231 gestiens
787 1150 1011 1212 nonne‘tanto
1034 1148 1092 1212 mi-

83 1236 198 1320 serior,
226 1239 346 1320 quanto
375 1235 438 1300 sibi
460 1235 586 1300 videtur
607 1234 757 1299 beatior?
803 1234 893 1320 Ergo
916 1237 953 1299 ut
974 1234 1010 1298 bi
1032 1235 1090 1300 mi·

83 1324 160 1406 seri,
187 1323 234 1388 sio
261 1326 373 1388 oontra
400 1322 449 1386 illi
475 1322 576 1406 beati,
611 1343 691 1405 quos
717 1322 800 1386 nulli
827 1325 932 1387 metus
958 1325 1091 1408 terrent,

82 1411 192 1476 nullae
216 1410 434 1495 aegritudines
458 1410 610 1493 exedunt,
638 1410 747 1474 nullae
769 1409 920 1475 libidines
944 1410 1092 1494 incitant,

83 1498 193 1562 nullae
228 1497 355 1562 futtiles
391 1497 537 1562 laetitiae
573 1497 757 1562 exultantes
793 1497 956 1583 languidis
990 1498 1091 1581 lique·

83 1585 209 1650 faciunt
240 1585 471 1667 voluptatibus.
524 1584 571 1650 Ut
607 1585 704 1648 maris
736 1584 837 1668 igitur
872 1586 1091 1668 tranquillitas

84 1671 283 1756 intellegitur
300 1672 390 1737 nulla
407 1693 449 1737 ne
467 1673 600 1736 minima
623 1672 750 1756 quidem
769 1693 847 1736 aura
868 1672 983 1736 fluetus
1007 1694 1090 1737 eorn-

84 1763 247 1844 movente,
271 1759 318 1824 sio
336 1759 437 1824 animi
454 1760 581 1843 quietus
599 1764 632 1824 et
649 1760 797 1842 placatus
818 1763 923 1824 status
942 1759 1090 1842 cernitur,

84 1869 159 1912 oum
181 1847 383 1929 perturbatio
401 1847 491 1912 nulla
509 1851 568 1930 eat,
590 1869 653 1931 qua
676 1847 799 1912 moveri
822 1851 928 1931 queat.
969 1846 1091 1923 Quodsi
1110 1859 1142 1907 17

84 1939 147 2017 est,
170 1935 224 2018 qui
241 1935 308 2000 vim
324 1934 487 2019 fortunae,
505 1935 560 2018 qui
579 1935 688 1999 omnia
705 1934 859 2018 humana,
877 1957 959 2018 quae
977 1936 1091 2019 auique

86 2022 231 2086 aooidere
252 2025 401 2107 possunt,
423 2022 609 2087 tolerabilia
632 2022 740 2105 ducat,
764 2044 802 2086 ex
825 2044 887 2106 quo
910 2043 970 2087 neo
991 2023 1091 2088 timor

84 2131 158 2174 eum
179 2131 239 2174 neo
260 2130 363 2194 angor
385 2110 541 2194 attingat,
563 2110 710 2193 idemque
729 2109 757 2173 si
775 2110 858 2174 nihil
877 2111 1091 2194 concupiscat,

82 2198 173 2262 nulla
196 2197 354 2262 ecferatur
376 2198 475 2262 adimi
497 2197 587 2261 inani
605 2198 785 2282 voluptate,
809 2198 966 2282 quidest,
989 2220 1045 2262 our
1062 2199 1090 2263 is

83 2307 150 2350 non
181 2286 296 2350 beatus
329 2285 393 2349 sit?
422 2288 454 2349 et
481 2286 509 2350 si
534 2284 614 2349 haee
640 2285 760 2349 virtute
787 2285 982 2369 efficiuntur,
1015 2286 1092 2369 quid

84 2377 147 2456 est,
170 2394 227 2436 our
249 2373 352 2438 virtus
375 2372 448 2456 ipsa
470 2394 529 2455 per
552 2393 675 2436 senon
698 2372 818 2437 efficiat
840 2372 973 2437 beatos?

150 2461 191 2524 A.
225 2459 327 2543 Atqui
357 2461 494 2524 alterum
524 2459 587 2524 diei
615 2481 681 2524 non
709 2461 830 2542 potest,
861 2459 938 2542 quin
966 2460 1003 2542 ii,
1036 2455 1128 2542 quit

84 2547 166 2613 nihil
184 2551 339 2630 metuant,
356 2548 440 2612 nihil
459 2551 630 2630 angantur,
648 2544 730 2610 nibil
747 2546 983 2634 concupiscant,
1001 2547 1091 2611 nulla

83 2635 255 2718 impotenti
273 2635 399 2699 laetitia
422 2634 615 2716 ecferantur,
638 2633 726 2697 beati
745 2634 822 2715 sint,
844 2633 954 2716 itaque
978 2632 1011 2697 id
1028 2633 1090 2697 tibi

84 2722 236 2807 oonoed03
257 2722 394 2787 alterum
413 2727 520 2786 autem
538 2722 604 2785 iam
622 2721 784 2804 integrum
798 2742 864 2784 non
879 2724 936 2783 est.
964 2718 1090 2802 Superi-

85 2810 194 2874 oribus
219 2811 306 2874 enim
328 2809 603 2893 disputationibus
622 2809 771 2872 effaetum
792 2811 842 2871 est
863 2828 978 2872 vaeare
1002 2808 1090 2871 omni

84 2897 186 2962 animi
207 2898 451 2979 perturbatione
474 2897 660 2980 sapientem.

149 2991 196 3051 M.
217 2984 380 3049 Nimirum
402 2985 501 3070 igitur
524 2983 670 3048 oonfeota
691 3004 742 3046 res
767 2984 830 3065 est3
854 2979 981 3046 videtur
1004 2981 1089 3045 enim
1110 2993 1142 3042 18

84 3071 125 3136 ad
148 3072 269 3137 exitum
292 3073 417 3137 venisse
441 3072 596 3157 quaestio.

150 3160 192 3223 A.
218 3158 455 3242 Propemodum
477 3158 509 3223 id
533 3159 668 3242 quidem.

150 3253 195 3310 M.
218 3246 340 3312 Verum
366 3250 477 3311 tamen
504 3245 808 3310 mathematicorum
837 3245 901 3308 iste
928 3265 999 3308 mos
1031 3245 1090 3326 est,

83 3356 150 3399 non
172 3341 222 3398 est
243 3333 521 3418 philosophorum.
558 3332 645 3397 Nam
667 3336 850 3416 geometrae
874 3353 947 3395 eum
970 3330 1091 3413 aliquid
1128 3396 1132 3403 ,

84 3423 197 3487 dooere
224 3421 353 3505 volunt,
381 3421 409 3484 si
437 3420 513 3504 quid
539 3420 580 3484 ad
607 3442 678 3484 eam
705 3440 772 3482 rem
799 3419 941 3502 pertinet
970 3440 1090 3503 eorum,

84 3531 168 3594 quae
191 3512 266 3574 ante
291 3508 478 3589 docuerunt,
501 3507 534 3571 id
557 3510 688 3573 sumunt
709 3528 768 3589 pro
787 3527 938 3571 concesso
963 3510 996 3569 et
1017 3526 1091 3588 pro·
