2446 3944
469 199 709 264 ——159

83 365 275 448 censebunt3
291 365 374 428 nihil
392 365 478 429 enim
496 365 701 450 laudabilius,
718 365 801 430 nihil
819 388 939 453 magno
954 372 987 433 et
1000 391 1091 454 prae

83 453 173 522 claro
195 453 267 518 viro
290 453 418 538 dignius
445 453 669 555 placabilitate
697 457 794 538 atque
826 456 975 521 clement‘
950 460 1006 521 t.1a
1052 456 1091 521 ln

82 541 197 605 liberis
219 562 295 605 vero
314 541 442 625 populis
464 542 524 605 et'
514 563 549 604 1n
566 541 646 605 iuris
665 542 897 643 aequabilitate
915 544 1090 609 exercenda

84 629 184 693 etiam
207 632 257 692 est
243 627 420 693 tfacilitas
443 633 547 694 ett
500 629 559 693 alti
560 628 638 694 tudo
658 630 766 713 animi,
789 652 871 714 quae
892 631 1018 716 dicitur,
1039 655 1090 716 ne,

84 718 113 781 si
144 717 322 781 irascamur
354 720 411 781 aut
440 717 668 802 intempestive
700 717 924 784 accedentibus
956 724 1013 785 aut
1043 721 1090 784 in·

82 805 242 890 pudenter
264 805 465 891 rogantibus,
488 805 523 869 in
542 805 767 870 morositatem
784 806 933 872 inutilem
952 813 985 872 et
1004 809 1089 874 odio·

83 915 156 958 sam
177 893 365 958 incidamus.
409 893 454 957 Et
476 895 587 958 tamen
609 894 657 957 ita
680 894 849 977 probanda
872 899 922 959 est
944 918 1090 962 mansue

82 980 162 1045 tudo
183 985 279 1064 atque
298 981 477 1064 clementia,
494 984 532 1046 ut
550 981 742 1046 adhibeatur
760 983 807 1046 rei
825 983 974 1067 publicae
992 1006 1090 1049 causa

84 1070 256 1152 severitas,
286 1069 355 1133 sine
388 1090 452 1152 qua
482 1068 704 1134 administrari
736 1069 850 1134 civitas
878 1092 945 1135 non
970 1076 1090 1155 potest.

84 1156 198 1221 Omnis
217 1161 326 1221 autem
345 1161 378 1221 et
397 1157 632 1222 animadversio
652 1161 685 1221 et
703 1158 877 1243 castigatio
895 1160 1091 1223 contumelia

83 1266 198 1310 vacare
222 1245 317 1308 debet
338 1267 442 1328 neque
466 1245 507 1309 ad
530 1245 612 1328 eius,
635 1245 691 1328 qui
712 1245 846 1328 punitur
869 1246 1010 1330 aliquem
1034 1250 1090 1310 aut

83 1333 192 1398 verbis
216 1333 365 1418 castigat,
389 1333 445 1396 sed
468 1333 508 1398 ad
530 1333 578 1397 rei
600 1333 749 1418 publicae
767 1333 945 1398 utilitatem
968 1333 1090 1398 referri.

83 1419 270 1486 Cavendum
294 1423 344 1484 est
366 1422 473 1505 etiam,
495 1443 536 1486 111
559 1421 662 1485 maior
685 1442 789 1505 poena
808 1443 905 1505 quam
923 1423 1019 1506 culpa
1038 1422 1089 1505 sit,
1108 1437 1141 1485 89

84 1512 119 1573 et
140 1530 181 1571 ne
203 1508 307 1572 isdem
330 1508 369 1572 de
391 1509 496 1573 causis
522 1509 579 1573 alii
606 1509 804 1593 plectantur,
831 1509 888 1573 alii
915 1531 955 1573 ne
983 1511 1091 1594 appel·
1152 1532 1155 1536 ’

84 1597 194 1660 lentur
218 1596 353 1679 quidem.
389 1595 595 1661 Prohibenda
618 1599 726 1660 autem
751 1597 889 1660 maxime
912 1601 963 1661 est
984 1598 1034 1662 ira
1057 1599 1090 1662 in

82 1684 259 1768 punienda,
271 1705 449 1767 numquam
463 1685 558 1767 enim,
572 1685 675 1748 iratus
691 1684 746 1767 qui
756 1685 884 1749 accedet
894 1685 935 1749 ad
943 1706 1090 1770 poenam,

83 1771 340 1836 mediocritatem
362 1772 455 1837 illam
473 1773 606 1855 tenebit,
630 1793 712 1855 quae
731 1776 781 1836 est
798 1773 883 1837 inter
900 1773 1037 1838 nimium
1057 1777 1091 1838 et

83 1881 209 1944 parum,
227 1881 309 1943 quae
328 1861 435 1944 placet
448 1859 683 1945 Peripateticis,
704 1863 736 1924 et
754 1864 841 1925 recte
859 1861 975 1946 placet,
994 1861 1089 1927 modo

83 1970 125 2012 nc
147 1947 318 2012 laudarent
340 1948 594 2013 iracundiamet
618 1948 759 2013 dicerent
783 1948 872 2013 utilit
858 1952 909 2012 ter
932 1972 951 2013 a
973 1953 1091 2015 natura

85 2036 142 2100 dat
128 2040 205 2099 t.am
249 2035 313 2100 Illa
339 2057 416 2100 vero
444 2036 630 2101 omnibus
620 2058 655 2099 111
681 2036 777 2100 rebus
810 2036 1009 2120 repudianda
1041 2041 1091 2102 est

85 2122 335 2274 optandumque,
357 2124 438 2186 ut''
416 2146 449 2207 11,
473 2125 527 2207 qui
550 2127 705 2209 praesunt
728 2125 775 2188 rei
797 2124 954 2209 publicae,
980 2125 1090 2211 legum

84 2211 257 2276 similes
232 2215 311 2294 sint,
339 2233 421 2294 quae
449 2212 489 2276 ad
516 2213 711 2297 puniendum
738 2233 804 2276 non
828 2212 1007 2297 iracundia,
1035 2213 1091 2277 sed

85 2300 249 2383 aequitate
233 2300 440 2364 edu.cuntur

151 2389 260 2470 Atque
284 2386 414 2451 etiam
404 2409 439 2452 m
461 2387 557 2451 rebus
579 2387 743 2471 prosperis
768 2391 801 2451 et
826 2387 866 2452 ad
888 2389 1091 2453 voluntatem
1100 2363 1143 2490 292

83 2479 231 2540 nostram
261 2475 435 2539 fluentibus
467 2475 652 2560 superbiam
683 2495 892 2560 magnopere,
923 2475 1090 2540 fastidium

85 2562 371 2649 arrogantiamque
393 2562 566 2647 fugiamus.
611 2561 697 2626 Nam
719 2566 757 2626 ut
780 2564 930 2627 adversas
954 2585 1021 2648 res,
1045 2564 1091 2629 sio

85 2652 241 2716 secundas
269 2652 468 2715 inmoderate
496 2650 578 2715 ferre
601 2649 745 2714 levitatis
771 2654 834 2734 est,
861 2652 1090 2735 praeclaraque

84 2742 136 2803 est
159 2738 374 2823 aequabilitas
402 2739 438 2803 in
465 2738 553 2803 omni
574 2737 643 2801 vita
665 2741 699 2802 et
723 2736 808 2801 idem
832 2759 959 2824 semper
980 2739 1090 2803 vultus

75 2825 260 2909 „eademque
282 2826 387 2909 frons,
415 2830 452 2890 ut
480 2827 518 2891 da
541 2823 672 2890 Socrate
695 2824 837 2910 itemque
860 2825 899 2890 de
922 2824 956 2891 Ο.
979 2826 1090 2890 Laelio

85 2914 276 2998 accepimus.
330 2913 518 2998 Philippum
550 2912 692 2997 quidem,
729 2911 939 2978 Macedonum
971 2934 1090 2998 regem,

84 3001 182 3066 rebus
206 3002 306 3086 gestis
330 3006 363 3067 et
386 3002 492 3088 gloria
515 3004 702 3085 superatum
726 3024 746 3067 a
767 3002 848 3084 filio,
876 3000 1035 3064 facilitate
1059 3005 1091 3064 et

84 3089 270 3154 humanitat
272 3089 399 3154 evideo
419 3090 617 3175 superiorem
635 3089 749 3173 fuisse3
771 3089 880 3171 itaque
904 3088 988 3152 alter
1011 3108 1091 3151 sem-

84 3199 144 3263 per
165 3199 316 3263 magnus,
345 3179 428 3242 alter
455 3199 551 3279 saepe
578 3177 798 3328 turpissimum
825 3179 862 3240 ut
891 3180 977 3241 recte
1000 3198 1090 3277 prae-

85 3265 190 3349 cipere
216 3266 347 3331 videant
332 3269 399 3350 tur,
426 3265 481 3350 qui
509 3269 654 3348 monent,
681 3267 731 3347 ut,
759 3267 880 3348 quanto
909 3265 1089 3349 superiores

87 3353 197 3436 simus,
220 3357 277 3418 tan
278 3357 393 3419 tonos
413 3375 563 3439 geramus
583 3352 793 3418 summissius.
828 3351 1002 3418 Panaetius
1025 3354 1091 3436 qui-

86 3441 159 3505 dem
182 3441 388 3526 Africanum,
412 3441 648 3507 auditoremet
633 3440 863 3505 tfamiliarem
888 3463 994 3524 suum,
1019 3442 1091 3503 soli-

85 3533 156 3593 tum
175 3530 222 3594 ait
242 3530 354 3614 dicere,
373 3528 425 3594 ‘ut
444 3551 560 3614 equos
579 3532 739 3614 propter
762 3528 917 3594 crebras
937 3531 1091 3593 conten-
