2446 3944
469 165 708 230 -521-

81 324 236 388 miserum
274 326 336 406 est,
373 324 414 389 ob
456 345 589 407 eamque
626 324 826 389 debilitatem
858 325 958 390 animi
994 326 1091 390 multi

82 415 245 495 parentes,
277 412 371 476 multi
400 411 533 495 amicos„
559 433 625 475 non
650 413 733 477 nulli
764 413 916 497 patriam,
947 415 1090 498 plerique

83 504 191 564 autem
215 521 249 563 se
272 500 361 583 ipsos
383 500 511 583 penitus
534 499 754 582 perdiderunt,
780 501 827 565 sic
849 502 1000 566 robustus
1024 502 1090 566 ani·

83 610 154 651 mus
178 590 210 651 et
233 588 375 652 excelsus
404 588 493 652 omni
521 590 570 652 est
596 588 679 652 liber
703 609 779 652 cura
801 592 834 653 et
859 610 992 674 angore,
1019 611 1091 654 cum

83 679 117 739 et
138 678 276 740 mortem
299 675 490 759 contemnit,
520 697 583 759 qua
605 676 660 759 qui
683 675 790 740 affecti
815 681 904 758 sunt,
926 678 961 741 in
981 676 1091 742 eadem

83 784 180 827 causa
207 767 294 847 sunt,
327 785 390 846 qua
420 765 495 828 ante
523 785 619 846 quam
645 763 728 846 nati,
760 767 793 828 et
820 763 861 828 ad
888 764 1014 829 dolores
1044 767 1092 829 ita

82 855 216 934 paratus
241 855 303 935 est,
326 857 363 915 ut
389 851 571 915 meminerit
593 851 749 915 maximos
773 855 876 915 morte
898 851 997 936 finiri,
1019 874 1090 935 par·

83 960 140 1003 vos
173 940 277 1007 multa
312 938 432 1002 babere
468 939 640 1003 intervalla
675 939 844 1023 requietis,
883 940 1091 1004 mediocrium

82 1048 142 1090 nos
166 1049 236 1091 esse
260 1026 420 1109 dominos,
443 1030 494 1109 ut,
517 1028 545 1092 si
567 1027 754 1092 tolerabiles
778 1027 856 1110 sint,
879 1026 1032 1104 seranna,
1063 1028 1111 1091 si*

84 1115 204 1198 minus,
228 1114 333 1179 animo
353 1137 455 1199 aequo
474 1137 491 1178 e
513 1114 594 1198 vita,
618 1137 690 1179 cum
709 1136 748 1178 ea
765 1136 831 1179 non
848 1115 988 1197 placeat,
1010 1118 1091 1178 tam·
1159 1120 1161 1126 '

83 1217 179 1286 quam
207 1224 223 1266 e
251 1202 379 1268 theatro
408 1224 566 1266 exeamus.
615 1201 737 1277 Quibus
764 1202 861 1266 rebus
891 1202 1093 1286 intellegitur

81 1312 141 1355 nec
172 1291 380 1355 timiditatem
411 1290 637 1375 ignaviamque
669 1289 845 1373 vituperari
873 1311 932 1354 nec
964 1289 1091 1354 fortitu·

83 1377 190 1442 dinem
220 1379 476 1461 patientiamque
507 1377 634 1442 laudari
666 1398 724 1442 suo
754 1376 898 1460 nomine,
932 1377 987 1442 sed
1016 1377 1090 1441 illas

82 1465 174 1548 reici,
202 1466 276 1548 quia
305 1465 449 1530 dolorem
476 1466 619 1548 pariant,
645 1464 706 1538 has
730 1464 850 1549 optari,
880 1465 956 1549 quia
978 1465 1091 1548 volup.-

84 1556 281 1704 tatelmustitia
302 1643 419 1722 restat,
442 1643 479 1704 ut
502 1639 540 1703 de
563 1641 651 1704 omni
669 1625 788 1705 virtute
812 1641 855 1705 sit
877 1640 1011 1725 dictum,
1036 1640 1091 1704 sed
1104 1602 1144 1727 bd

84 1729 204 1792 similia
231 1728 297 1791 fere
325 1727 388 1792 dici
415 1729 561 1811 possunt.
605 1727 651 1793 Ut
674 1729 760 1791 enim
783 1728 988 1812 sapientiam,
1010 1730 1090 1792 tem-

82 1816 277 1899 perantiam,
315 1815 537 1880 fortitudinem
576 1815 744 1899 copulatas
784 1837 854 1880 esse
879 1815 983 1880 'docui
1020 1837 1092 1880 cum

82 1904 258 1987 voluptate,
276 1906 314 1968 ut
332 1905 373 1968 ab
392 1925 430 1967 ea
447 1903 537 1967 nullo
555 1903 652 1968 modo
670 1925 729 1968 nec
749 1903 858 1968 divelli
876 1925 935 1968 nec
954 1903 1092 1968 distrahi

82 1992 221 2075 possint,
240 1991 286 2055 sic
304 1991 343 2054 de
362 1991 487 2055 iustitia
504 1990 710 2056 iudicandum
729 1995 791 2071 est,
811 2013 892 2075 quae
909 2013 976 2056 non
995 1991 1091 2056 modo

82 2101 259 2162 numquam
281 2083 376 2144 nocet
399 2080 561 2162 cuiquam,
589 2079 645 2144 sed
674 2083 786 2143 contra
808 2101 935 2163 semper
956 2080 1094 2162 impert't

83 2168 204 2252 aliquid
236 2189 308 2232 cum
340 2189 398 2232 sua
429 2168 462 2231 vi
494 2169 590 2250 atque
621 2171 753 2251 natura,
785 2167 871 2250 quod
902 2167 1093 2250 tranquillet

83 2256 221 2338 animos,
244 2259 314 2319 tum
338 2277 395 2338 spe
416 2254 500 2319 nihil
523 2276 632 2319 earum
657 2276 763 2319 rerum
786 2254 984 2338 defuturum,
1012 2277 1091 2339 quas

82 2348 199 2407 natura
220 2365 286 2407 non
309 2344 487 2425 depravata
509 2341 674 2407 desideret.
710 2343 756 2407 Et
777 2363 873 2425 quem
896 2342 937 2405 ad
960 2343 1091 2406 modum

67 2431 249 2493 ¹temeritas
278 2433 311 2493 et
332 2429 432 2493 libido
456 2432 490 2492 et
511 2429 641 2512 ignavia
665 2450 790 2511 semper
817 2429 961 2492 animum
984 2451 1091 2492 excru-

84 2516 171 2580 ciant
199 2520 232 2578 et
259 2537 384 2599 semper
419 2516 595 2580 sollicitant
625 2515 892 2598 turbulentaeque
925 2519 1012 2599 sunt,
1045 2516 1091 2581 sic

84 2604 264 2686 improbitas
285 2605 313 2667 11
336 2603 425 2668 cuius
448 2603 483 2665 in
505 2606 614 2666 mente
637 2601 790 2680 consedit,
815 2602 876 2667 hoc
898 2603 984 2685 ipso,
1008 2603 1093 2687 quod

85 2692 188 2774 adest,
215 2690 403 2754 turbulenta
429 2692 492 2774 est,
527 2690 556 2754 si
583 2711 658 2753 vero
690 2690 804 2754 molita
835 2690 1001 2773 quippiam
1034 2695 1092 2774 est,

85 2779 231 2864 quamvis
260 2779 381 2842 occulte
408 2777 534 2860 fecerit,
562 2799 737 2860 numquam
765 2781 876 2842 tamen
898 2778 931 2840 id
955 2778 1093 2843 confidet
1145 2776 1147 2782 ’

83 2868 153 2931 fore
177 2888 303 2949 semper
326 2866 494 2932 occultum.
539 2865 731 2948 Plerumque
756 2865 979 2949 improborum
1006 2866 1092 2930 facta

83 2954 189 3039 primo
222 2954 362 3038 suspicio
393 2954 586 3037 insequitur,
621 2952 695 3016 dein
727 2975 831 3017 sermo
864 2957 961 3038 atque
997 2953 1092 3037 fama,

83 3046 154 3106 tum
177 3046 358 3125 accusator,
380 3045 450 3106 tum
468 3040 577 3124 index3
600 3041 694 3105 multi
714 3041 824 3124 etiam,
846 3044 884 3105 ut
902 3045 935 3105 te
954 3042 1091 3120 consule,

83 3130 148 3213 ipsi
179 3152 213 3194 11
244 3130 473 3194 indicaverunt.
532 3128 653 3205 Quodsi
685 3130 741 3212 qui
771 3129 851 3193 satis
885 3129 947 3193 sibi
979 3131 1073 3194 contr

83 3217 250 3282 hominum
274 3218 502 3283 conscientiam
526 3217 630 3299 saepti
653 3238 722 3281 esse
743 3219 776 3280 et
793 3216 912 3281 muniti
934 3216 1029 3281 viden

40 3370 48 3380 f
84 3306 217 3371 deorum
252 3309 360 3370 tamen
397 3305 531 3370 horrent
569 3326 686 3387 easque
721 3304 811 3387 ipsas
847 3303 1047 3371 sollicitudin

83 3395 199 3478 quibus
234 3415 344 3458 eorum
380 3393 480 3457 animi
512 3391 697 3478 ‘noctesque
731 3391 876 3476 diesque'
906 3393 985 3458 exed

84 3481 176 3546 adis
199 3482 436 3546 immortalibus
465 3480 615 3565 supplicii
643 3501 739 3546 causa
764 3479 955 3566 importari-
