2446 3944
467 189 707 255 -321-

82 348 283 434 probitatem
307 348 375 412 eius
402 369 469 411 non
495 348 592 412 nimis
620 347 743 412 alienos
771 346 908 412 animos
923 347 1089 432 habemus,

83 438 222 501 alterurn
236 439 371 521 propter
386 435 557 500 crudelia
507 439 609 500 ttaem
601 456 750 586 ,semper
763 435 843 500 haec
853 434 967 500 civitas
977 436 1089 501 oderit.

149 522 271 600 Quodsi
289 526 363 587 tant
365 545 385 588 a
402 523 451 588 vis
470 523 645 607 probitatis
668 527 727 606 est,
748 526 786 587 ut
809 544 880 587 eam
902 501 1142 627 ve1·1neis,{l9

84 633 165 696 quos
182 633 360 694 numquam
378 611 527 695 vidimus,
549 612 611 694 vel,
636 573 727 696 quod
740 611 844 675 maius
863 613 922 694 est,
943 611 978 675 in
995 611 1089 676 hoste

83 700 183 764 etiam
205 698 391 785 diligamus,
422 699 499 783 quid
522 699 640 763 mirum
663 702 726 781 est,
749 699 778 762 si
800 698 900 763 animi
922 698 1091 764 hominum

84 791 284 869 moveantur,
306 809 380 851 cum
402 808 522 870 eorum,
547 786 738 870 quibuscum
760 786 822 851 usu
840 786 1001 852 coniuncti
1019 808 1090 852 esse
1193 809 1196 814 ·

84 878 236 959 possunt,
258 874 413 939 virtutem
437 878 469 938 et
491 875 673 939 bonitatem
694 874 876 957 perspicere
898 875 1089 939 videantur?

85 961 288 1046 Quamquam
311 963 521 1026 confirmatur
545 983 636 1027 amor
658 965 691 1026 et
716 961 869 1026 beneficio
898 965 1029 1046 accepto
1058 967 1090 1027 et

86 1050 192 1132 studio
207 1053 375 1134 perspecto
390 1053 422 1114 et
436 1049 665 1115 consuetudine
681 1049 841 1128 adiuncta,
859 1048 975 1132 quibus
993 1050 1089 1114 rebus

85 1138 127 1202 ad
153 1138 247 1202 illum
273 1138 414 1221 primum
441 1141 566 1202 motum
594 1137 694 1201 animi
721 1140 754 1201 et
783 1136 903 1201 amoris
935 1136 1090 1202 adhibitis

85 1224 287 1290 admirabilis
316 1225 474 1309 quaedam
501 1225 679 1289 exardescit
708 1224 945 1289 benivolentiae
967 1225 1091 1309 magni·

85 1313 174 1378 tudo.
220 1311 324 1388 Quam
347 1313 376 1376 si
399 1313 454 1396 qui
476 1316 594 1398 putant
622 1313 663 1377 ab
686 1312 899 1377 inbecillitate
921 1312 1091 1397 proficisci,

84 1404 122 1465 ut
146 1401 202 1482 sit,
226 1421 402 1484 perquem
425 1401 634 1483 adsequatur,
657 1401 743 1483 quod
765 1400 900 1484 quisque
923 1400 1091 1484 desideret,

84 1488 242 1554 humilem
271 1509 347 1553 sane
374 1488 560 1571 relinquunt
590 1492 623 1552 et
654 1487 785 1552 minime
818 1509 1022 1572 generosum,
1053 1491 1091 1553 ut

84 1577 133 1641 ita
156 1576 269 1659 dicam,
293 1579 398 1640 ortum
423 1576 593 1655 amicitiae,
617 1597 712 1658 quam
736 1597 775 1640 ex
797 1575 907 1659 inopia
930 1579 1027 1659 atque
1045 1576 1091 1640 in-

86 1664 231 1749 digentia
253 1667 365 1728 natam
387 1664 510 1729 volunt.
548 1663 641 1739 Quod
663 1663 691 1726 si
713 1663 761 1727 ita
784 1667 878 1745 esset,
899 1663 1090 1746 utquisque

84 1752 254 1816 minimum
284 1772 354 1815 esse
381 1751 416 1814 in
443 1773 477 1815 se
505 1751 731 1835 arbitraretur,
762 1750 811 1815 ita
842 1750 884 1814 ad
915 1751 1090 1816 amicitiam

85 1843 171 1904 esset
190 1838 392 1924 aptissimum
417 1839 502 1922 quod
520 1839 617 1923 longe
637 1860 726 1904 secus
746 1842 804 1903 est.
835 1837 883 1903 Ut
902 1839 986 1904 enim
1006 1840 1090 1923 quis·
1109 1855 1144 1904 30

86 1948 148 2011 quc
180 1927 243 1990 sibi
273 1926 450 2010 plurimum
482 1927 626 2010 confidit,
658 1930 690 1990 et
721 1930 758 1991 ut
790 1926 925 2010 quisque
952 1927 1091 1991 maxime

85 2015 207 2081 virtute
235 2017 268 2078 et
296 2014 456 2098 sapientia
483 2014 529 2078 sic
556 2014 699 2079 munitus
727 2017 790 2096 est,
818 2018 856 2078 ut
882 2014 972 2079 nullo
996 2018 1091 2100 egeat

86 2124 208 2185 suaque
232 2102 340 2166 omnia
367 2101 401 2165 in
428 2124 462 2166 se
489 2102 561 2186 ipso
589 2103 698 2187 posita
725 2102 857 2186 iudicet,
883 2103 931 2166 ita
957 2103 992 2166 in
1014 2103 1091 2167 ami-

85 2190 172 2256 citiis
205 2189 390 2273 expetendis
423 2190 626 2273 colendisque
659 2190 797 2255 maxime
825 2190 963 2254 excellit.
1008 2189 1092 2265 Quid

86 2278 194 2343 enim?
240 2277 413 2342 Africanus
436 2278 583 2364 indigens
607 2279 692 2342 mei‘?
732 2277 865 2342 Minime
887 2278 1030 2342 hercule!
1054 2301 1091 2344 ao

84 2388 127 2430 ne
156 2386 216 2451 ego
244 2365 373 2448 quidem
400 2365 502 2448 illius3
534 2367 590 2429 sed
621 2386 682 2451 ego
712 2365 924 2429 admiratione
952 2367 1091 2449 quadam

86 2453 219 2519 virtutis
244 2453 321 2536 eius,
343 2452 400 2516 ille
422 2453 566 2517 vicissim
583 2453 733 2536 opinione
750 2452 891 2517 fortasse
908 2474 975 2517 non
992 2456 1092 2537 nulla,

87 2562 186 2624 quam
204 2540 242 2604 de
260 2540 341 2604 meis
359 2540 504 2605 moribus
522 2540 673 2623 habebat,
691 2562 742 2603 me
759 2540 884 2622 dilexit3
903 2541 992 2605 auxit
1005 2543 1092 2606 beni-

86 2628 266 2694 volentiam
289 2627 494 2692 consuetudo.
531 2625 592 2692 Sed
616 2649 811 2711 quamquam
833 2628 993 2691 utilitates
1012 2630 1093 2692 mul·

87 2720 199 2781 tacet
225 2736 362 2800 magnae
390 2718 578 2780 consecutae
602 2719 691 2798 sunt,
716 2736 783 2779 non
811 2718 887 2779 sunt
913 2718 1023 2779 tamen
1051 2715 1091 2780 ab

86 2826 200 2869 earum
223 2825 280 2889 spe
303 2825 417 2868 causae
441 2803 596 2888 diligendi
618 2802 791 2888 profectae.
827 2801 874 2867 Ut
897 2802 981 2866 enim
999 2802 1092 2867 bene·
1111 2817 1144 2866 31

88 2891 143 2957 fici
174 2891 390 2975 liberalesque
423 2912 548 2974 sumus,
583 2912 649 2955 non
683 2894 720 2955 ut
752 2890 919 2976 exigamus
951 2890 1093 2974 gratiam

87 2977 205 3064 (neque
229 2980 314 3044 enim
336 2978 527 3043 beneficium
553 2978 769 3056 fameramm,
797 2978 852 3042 sed
878 2980 995 3041 natura
1021 3000 1094 3063 pro-

86 3067 181 3152 pensi
204 3067 245 3131 ad
267 3067 499 3131 liberalitatem
522 3063 656 3152 sumus),
679 3066 725 3131 sio
748 3065 925 3130 amicitiam
947 3086 1013 3144 non
1036 3087 1093 3149 spe

87 3154 244 3219 mercedis
269 3154 406 3239 adducti,
431 3154 487 3219 sed
509 3154 595 3238 quod
618 3153 721 3218 omnis
741 3154 808 3218 eius
826 3153 950 3218 fructus
968 3152 1004 3216 in
1020 3153 1093 3238 ipso

87 3263 199 3306 amore
221 3241 557 3327 inest,texpetendam
584 3245 744 3327 putamus
789 3240 841 3305 Ab
869 3240 934 3324 his,
962 3241 1018 3323 qui
1040 3264 1093 3324 pe·
1112 3256 1146 3304 32

87 3328 273 3394 cudumt
229 3352 258 3393 n
259 3333 295 3394 tu
318 3330 359 3394 ad
380 3331 583 3414 voluptatem
607 3330 716 3395 omnia
737 3329 889 3412 referunt,
912 3329 1008 3414 longe
1033 3330 1094 3393 dis-

87 3417 248 3501 sentiunt,
270 3439 329 3482 nec
352 3417 481 3502 miru1n3
508 3419 591 3483 nihil
615 3419 699 3483 enim
722 3417 769 3481 alt
755 3421 839 3500 tum,
864 3416 947 3481 nihil
971 3419 1093 3503 magni·

86 3505 187 3570 ficum
210 3527 247 3570 ao
271 3505 414 3570 divinum
438 3506 598 3590 suspicere
620 3508 770 3590 possunt,
797 3504 853 3588 qui
881 3526 955 3569 suas
983 3527 1094 3570 omnes

163 3606 344 3662 mittentem,
359 3608 403 3654 dic
418 3608 532 3664 pbllntmb.
547 3609 662 3664 &dritten
920 3601 961 3651 <n
