2446 3944
455 208 695 273 -149-

81 398 166 461 quae
194 398 266 442 cum
293 397 328 441 re
354 376 486 462 publica
512 381 563 442 est
588 377 645 442 uni
672 377 785 461 cuique
807 382 965 444 nostrum.
1009 375 1085 446 (lari

82 467 159 530 sunt
180 467 345 550 parentes,
374 465 440 530 cari
467 464 574 548 liberi,
601 465 787 550 propinqui,
811 465 1002 550 familiares,
1029 466 1086 532 sed

82 573 193 617 omnes
217 552 360 617 omniurn
383 552 535 618 caritates
554 553 662 638 patria
684 575 749 618 una
767 556 933 638 complexa
952 559 1010 638 111,
1025 576 1084 640 pro

82 662 146 724 qua
175 639 247 723 quis
276 639 380 704 bonus
409 639 535 705 dubitet
562 644 701 706 mortem
731 646 896 726 oppetere,
928 642 957 706 si
984 642 1014 706 11
1041 642 1085 707 111

82 727 295 814 profuturus?
332 725 402 802 Quo
422 731 471 792 111
495 728 717 794 detestabilior
740 729 877 794 istorum
899 729 1084 814 inmanitas,

83 815 139 899 qui
161 816 345 881 lacerarunt
368 816 457 880 omni
480 817 599 880 scelere
621 817 762 901 patriam
782 817 865 881 etin
884 839 921 883 ea
938 817 1084 883 funditus

83 903 218 968 delenda
241 904 388 987 occupati
411 907 444 967 11
467 907 542 968 sunt
565 907 598 968 11
619 903 758 968 fuerunt.
795 902 857 968 Sed
876 905 904 969 si
920 905 1083 971 contentio
1103 920 1136 971 58

83 991 240 1074 quaedam
259 994 291 1055 et
310 991 508 1075 comparatio
527 991 595 1075 fiat,
614 992 730 1076 quibus
748 992 923 1077 plurimum
941 994 1084 1058 tribuen-

85 1079 161 1143 dum
184 1079 228 1143 sit
251 1078 362 1163 officii,
385 1079 546 1164 principes
566 1080 632 1143 sint
649 1078 757 1164 patria
776 1083 808 1143 et
826 1084 989 1165 parentes,
1009 1103 1083 1164 quo·

83 1189 156 1230 rum
179 1166 342 1231 beneficiis
366 1166 515 1231 maximis
535 1167 674 1252 obligati
692 1188 815 1250 sumus,
833 1167 973 1252 proximi
990 1168 1086 1232 liberi

81 1258 217 1338 totaque
237 1255 366 1338 domus,
386 1275 467 1337 quae
487 1258 612 1340 spectat
634 1255 668 1319 in
685 1276 745 1320 nos
769 1256 856 1320 solos
874 1276 978 1338 neque
997 1255 1085 1320 aliud

81 1343 186 1407 ullum
214 1345 324 1427 potest
350 1341 470 1407 habere
496 1342 695 1428 perfugium,
728 1342 875 1426 deinceps
903 1343 985 1407 bene
1012 1363 1084 1408 con·

82 1430 248 1495 venientes
271 1429 457 1515 propinqui,
481 1430 671 1513 quibuscum
694 1431 872 1495 communis
896 1430 994 1495 etiam
1021 1430 1085 1496 for·

83 1522 164 1583 tuna
186 1519 376 1602 plerumque
403 1521 461 1583 111.
506 1516 609 1593 Quam
638 1518 679 1582 ob
702 1538 771 1581 rem
792 1518 974 1582 necessaria
995 1539 1086 1604 prae·

86 1606 169 1670 sidia
191 1606 278 1670 vitae
301 1605 458 1669 debentur
480 1605 520 1669 iis
544 1606 695 1688 maxime,
719 1626 799 1689 quos
823 1608 897 1669 ante
921 1605 995 1690 dixi,
1017 1605 1086 1671 vita

85 1698 194 1759 autem
213 1694 381 1778 victusque
401 1694 593 1776 communis,
612 1692 760 1776 concilia,
780 1714 956 1777 sermones,
975 1693 1085 1758 cohor·

83 1782 241 1864 tationes,
264 1781 514 1864 consolationes,
537 1781 699 1846 interdum
722 1781 820 1846 etiam
844 1780 1085 1867 obiurgationes

82 1870 119 1934 in
146 1869 298 1934 amicitiis
327 1869 439 1954 vigent
462 1869 613 1952 maxime,
645 1873 756 1952 estque
789 1891 827 1934 ea
857 1868 1086 1935 iucundissima

84 1957 240 2041 amicitia,
264 1978 360 2040 quam
384 1957 561 2021 similitudo
585 1979 711 2021 morum
734 1957 928 2042 coniugavit.

150 2043 212 2110 Sed
238 2045 272 2109 in
299 2044 350 2109 his
384 2044 533 2109 omnibus
561 2044 676 2110 officiis
707 2045 886 2110 tribuendis
913 2025 1137 2111 uidendum18

83 2133 160 2217 erit,
184 2133 260 2217 quid
279 2133 391 2216 cuique
409 2133 548 2197 maxime
565 2154 694 2198 necesse
717 2132 773 2217 sit,
797 2137 829 2197 et
852 2133 929 2216 quid
952 2133 1086 2217 quisque
1103 2101 1137 2150 ⁶⁹

82 2222 135 2286 vel
165 2221 233 2285 sine
262 2221 356 2284 nobis
387 2223 443 2285 aut
472 2219 577 2305 possit
606 2221 759 2304 consequi
788 2223 846 2285 aut
875 2241 942 2285 non
972 2221 1085 2305 possit.

82 2307 135 2373 lta
157 2329 224 2373 non
246 2308 343 2372 iidem
367 2311 460 2372 erunt
482 2308 754 2373 necessitudinum
773 2306 906 2393 gradus,
930 2309 985 2391 qui
1006 2312 1086 2372 tem-

82 2418 213 2481 porum3
241 2399 378 2479 suntque
406 2395 526 2480 officia,
553 2417 635 2479 quae
663 2397 736 2462 aliis
763 2395 869 2481 magis
893 2417 990 2479 quam
1013 2395 1085 2460 aliis

84 2485 275 2566 debeantur3
307 2487 345 2548 ut
375 2483 515 2548 vicinum
547 2484 642 2549 citius
671 2483 830 2549 adiuveris
863 2483 897 2547 in
927 2482 1086 2548 fructibus

82 2571 297 2658 percipiendis
320 2593 417 2655 quam
441 2575 497 2636 aut
518 2570 654 2635 fratrem
678 2575 734 2636 aut
755 2570 964 2654 familiarem,
988 2574 1035 2655 at,
1058 2570 1087 2635 si

83 2660 125 2724 lis
148 2659 183 2724 in
200 2659 318 2723 iudicio
337 2659 394 2743 sit,
412 2659 629 2744 propinquum
648 2657 756 2742 potius
781 2661 813 2722 et
832 2658 970 2723 amioum
990 2679 1086 2741 quam

83 2746 225 2812 vicinum
253 2746 440 2811 defenderis.
490 2745 580 2811 Haec
606 2746 708 2830 igitur
736 2747 769 2808 et
795 2745 877 2809 talia
903 2745 1087 2829 circumspi-

82 2835 195 2900 cienda
218 2834 345 2898 suntin
365 2834 453 2899 omni
471 2833 576 2898 officio
601 2835 648 2914 [11
671 2832 867 2897 consuetudo
887 2831 1087 2896 exercitatio·

83 2944 145 3006 que
169 2922 350 3007 capienda],
373 2922 510 2986 utboni
536 2920 782 2986 ratiocinatores
810 2918 990 2984 officiorum
1017 2939 1087 2984 1111

80 3010 243 3097 possimus
272 3014 304 3074 et
332 3008 475 3074 addendo
500 3007 746 3092 deducendoque
768 3006 887 3091 videre,
911 3027 993 3090 quac
1014 3006 1088 3075 reli·

82 3099 139 3182 qui
167 3119 294 3162 summa
320 3097 395 3181 fiat,
427 3119 465 3161 ex
493 3119 571 3181 quo,
598 3101 755 3181 quantum
783 3094 896 3178 cuique
924 3094 1025 3160 debea

81 3186 266 3271 intellegas.
312 3183 374 3249 sed
405 3189 442 3248 ut
472 3206 531 3250 nec
558 3185 674 3249 medici
701 3206 760 3249 nec
788 3183 1002 3268 imperatores
1028 3205 1052 3248 n
1110 3229 1112 3234 ,

82 3277 242 3357 oratores,
270 3273 417 3357 quamvis
450 3269 531 3337 artis
559 3275 731 3358 praecepta
758 3271 972 3356 perceperint,
1003 3292 1023 3354 q
1048 3271 1055 3286 '

82 3384 181 3445 quarn
204 3381 325 3446 magna
347 3361 442 3425 laudo
466 3360 599 3447 dignum
628 3360 696 3424 sine
718 3381 779 3424 usu
802 3363 835 3423 et
859 3359 1045 3425 exercitatio

80 3450 234 3533 consequi
251 3453 401 3534 possunt,
420 3448 466 3514 sic
485 3449 581 3514 officii
601 3446 813 3513 conservandi
829 3451 1037 3550 praeceptat

80 3536 201 3602 duntur
223 3536 283 3602 illa
306 3535 448 3622 quidem,
474 3540 512 3601 ut
536 3535 674 3601 facimus
703 3534 782 3623 ipsi,
784 3532 1016 3726 Na
