2446 3944
470 191 622 257 -253
669 229 710 240 -—

83 365 252 430 mortales!
276 363 426 447 cuiquam
449 385 519 428 csse
541 364 622 429 utile
643 363 866 430 foedissimum
889 370 922 431 et
944 366 1089 431 taeterri·
1180 407 1181 410 =

84 476 173 517 mum
196 451 404 537 parricidium
426 452 566 537 patriae,
593 453 740 537 quamvis
767 453 809 537 is,
837 454 893 538 qui
915 475 950 519 se
973 476 1011 519 eo
1031 454 1090 519 ob·

86 540 268 624 strinxerit,
304 540 346 604 ab
383 540 547 624 oppressis
578 540 702 606 civibus
734 562 851 626 parens
882 542 1089 607 nominetur?

84 629 266 693 Honestate
288 627 390 714 igitur
413 627 587 713 derigenda
608 629 736 693 utilitas
755 634 812 713 est,
836 633 869 694 et
888 630 1017 714 quidem
1034 629 1090 713 sic,

85 720 123 782 ut
145 717 224 781 haec
248 717 309 780 duo
333 716 432 781 verbo
455 716 540 780 inter
568 739 602 780 se
630 716 824 801 discrepare,
850 738 886 782 re
913 738 1014 782 unum
1041 739 1090 782 so·

84 825 163 869 nare
181 804 359 869 videantur.
394 803 471 869 Non
488 805 602 887 habeo,
626 804 667 869 ad
686 805 778 891 volgi
800 805 985 889 opinionem
1008 827 1090 889 quae
1108 821 1144 872 84

86 893 190 957 maior
207 892 333 956 utilitas
353 914 450 975 quam
469 892 625 977 regnandi
644 914 713 957 esse
730 893 850 977 possit3
871 893 954 958 nihil
977 896 1091 958 contra

85 980 232 1045 inutilius
252 980 291 1063 ei,
314 981 369 1063 qui
386 981 420 1043 id
436 980 556 1044 iniuste
575 984 764 1045 consecutus
783 981 836 1065 sit,
857 981 995 1064 invenio,
1018 1002 1091 1046 cum

86 1068 128 1133 ad
149 1068 322 1132 veritatem
345 1068 436 1152 coepi
459 1089 608 1133 revocare
632 1069 801 1133 rationem.
837 1067 979 1133 Possunt
1006 1069 1091 1133 enim

87 1157 236 1239 cuiquam
259 1177 329 1221 csse
352 1158 388 1219 ut
374 1156 449 1220 tiles
472 1177 627 1241 angores,
655 1156 902 1240 sollicitudines,
929 1155 1036 1220 diurni
1058 1159 1092 1219 et

86 1244 236 1309 nocturni
263 1247 383 1328 metus,
409 1244 479 1308 vita
505 1244 695 1309 insidiarum
722 1245 1002 1329 periculorumque
1025 1244 1091 1390 plo

86 1332 246 1396 nissima‘?

129 1418 286 1483 Multi
276 1420 401 1504 iniqui
438 1423 553 1504 atque
590 1417 774 1484 infideles
810 1423 942 1505 regno,
979 1384 1091 1504 pauci

731 1508 960 1592 benivoli,

87 1596 193 1680 inquit
179 1593 346 1660 tAccius.
392 1593 438 1659 At
469 1594 520 1660 cui
551 1596 675 1682 regno?
720 1593 812 1670 Quod
844 1618 864 1661 a
890 1558 975 1661 Tarit
976 1596 1029 1661 alo
1059 1600 1092 1661 et

88 1683 208 1768 Pelope
230 1683 394 1767 proditum
417 1683 486 1747 iure
509 1684 726 1768 optinebatur.
766 1683 852 1748 Nam
876 1688 997 1768 quanto
1022 1685 1093 1768 plu·

87 1773 133 1836 ris
152 1773 182 1835 ei
199 1771 270 1856 regi
288 1794 333 1856 pu
333 1774 394 1853 t,as
420 1771 475 1854 qui
494 1771 635 1836 exercitu
652 1770 765 1873 populi
779 1770 918 1837 Romani
935 1773 1092 1857 populum

87 1861 195 1944 ipsum
213 1821 396 1924 Romanuni
419 1859 634 1943 oppressisset
656 1860 884 1944 civitatemque
907 1880 973 1925 non
995 1860 1091 1925 modo

88 1949 238 2031 liberem,
269 1947 325 2011 sed
352 1947 450 2010 etiam
474 1968 537 2032 gen
537 1947 657 2012 tibus
648 1951 809 2049 rmperant
811 1969 863 2012 em
886 1948 1006 2013 servire
1028 1948 1093 2013 sihi

58 2058 70 2091 τ
90 2036 270 2120 coegisset?
306 2033 401 2099 Hunc
423 2038 460 2100 tu
483 2057 563 2119 quas
586 2036 798 2101 conscientiae
821 2036 941 2101 labes
931 2058 965 2100 m
984 2036 1092 2101 animo
1111 2054 1145 2106 86

89 2144 199 2190 censes
222 2122 383 2206 habuisse,
407 2144 488 2206 quae
506 2124 664 2188 vulnera?
701 2122 874 2189 Quiust
817 2127 874 2188 aut
876 2146 926 2188 em
946 2124 1038 2189 vita
1029 2124 1093 2210 rpsi

88 2215 198 2313 potest
184 2211 312 2275 tutilis
336 2232 421 2294 csse,
444 2233 517 2276 cum
539 2212 607 2276 eius
630 2211 716 2276 vitae
740 2233 778 2276 ee
800 2212 1011 2277 condiciot
968 2216 1024 2295 sit,
1046 2216 1093 2294 ut,

90 2299 145 2384 qui
166 2300 259 2363 illam
283 2262 451 2383 eripuerit,
477 2299 512 2363 in
538 2300 680 2364 maxima
707 2303 740 2364 et
767 2304 842 2386 grat
843 2301 876 2365 ia
828 2299 1092 2365 tfuturust
1049 2303 1092 2364 srt

90 2391 122 2452 et
146 2387 272 2474 gloria?
307 2385 431 2487 Quodsi
447 2386 527 2453 haec
544 2392 581 2452 ut
567 2387 640 2452 tilia
656 2409 723 2452 non
741 2391 827 2472 sunt,
848 2409 930 2471 quae
953 2389 1094 2452 maxime

89 2476 198 2540 rident
184 2479 247 2559 tur,
261 2474 337 2558 quia
350 2475 447 2558 plena
461 2478 537 2539 sunt
522 2475 713 2540 tdedecoris
728 2497 765 2541 ac
777 2438 882 2559 tuipit
868 2475 998 2559 tudinis,
1012 2475 1092 2540 satis

88 2584 279 2648 persuasum
298 2583 368 2627 esse
386 2562 483 2627 debet
499 2563 582 2626 nihil
600 2583 671 2627 esse
688 2585 710 2626 u
711 2563 778 2646 tile,
792 2562 887 2647 quod
908 2584 974 2627 non
996 2563 1093 2627 hone-

89 2655 176 2716 stum
200 2652 252 2716 sit.

155 2738 358 2824 Quamquam
375 2739 409 2803 id
428 2739 556 2823 quidem
575 2760 647 2803 cum
667 2760 761 2824 saepe
781 2738 905 2821 aliast
890 2741 961 2802 tum
974 2736 1145 2837 ΡγιιῙιί86

87 2827 175 2892 bello
193 2826 266 2892 aO.
279 2827 428 2892 Fabricio
450 2827 579 2892 consule
602 2827 721 2891 iterum
743 2829 776 2890 et
799 2849 819 2892 a
841 2829 956 2890 senatu
978 2787 1145 2890 ιιοειιο86

87 2915 265 2980 iudicatum
296 2919 354 2980 est.
331 2913 482 2980 tOum
508 2915 593 2979 enim
623 2936 681 2980 rex
707 2913 851 2998 Pyrrhus
882 2912 1004 2997 populo
1031 2911 1093 2977 Ro·

88 3024 185 3067 mano
208 3002 331 3068 bellum
353 3003 403 3067 ult
389 3006 440 3067 tro
463 3002 637 3086 intulisset,
659 3024 794 3087 cumque
817 3001 856 3066 de
874 3001 1010 3085 imperio
1029 3021 1093 3064 cer·

87 3094 198 3155 tamen
225 3096 311 3155 esset
338 3113 410 3156 cum
436 3112 514 3177 rege
542 3111 698 3176 generoso
726 3113 763 3155 ac
789 3089 929 3174 potenti,
956 3087 1093 3174 perfuga

88 3179 130 3244 eb
153 3199 192 3243 eo
214 3180 304 3243 venit
325 3179 360 3243 in
382 3182 490 3244 castra
511 3177 640 3243 Fabrici
663 3179 755 3262 eique
778 3181 828 3242 est
855 3177 1034 3263 pollicitus,
1064 3177 1093 3241 si

87 3266 268 3352 praemium
291 3267 354 3331 sibi
376 3267 608 3353 proposuisset,
630 3288 678 3351 sc,
700 3271 737 3331 ut
760 3266 845 3332 clam
866 3265 1021 3349 venisset,
1047 3265 1093 3329 sic

87 3356 173 3420 clam
195 3355 230 3419 in
251 3354 370 3438 Pyrrhi
397 3359 504 3420 castra
530 3355 710 3420 rediturum
737 3358 770 3419 et
797 3376 871 3419 eum
894 3375 1017 3418 veneno
1041 3376 1092 3418 ne-

87 3447 245 3509 caturum.
276 3442 371 3507 Hunc
389 3442 556 3508 Fabricius
574 3442 789 3509 reducendum
808 3442 933 3508 curavit
955 3442 996 3507 ad
1015 3441 1092 3525 Pyr-

85 3531 192 3617 rhum,
212 3531 308 3616 idque
322 3530 390 3596 eius
407 3529 531 3597 factum
544 3532 711 3596 laudatum
726 3554 746 3596 a
759 3534 874 3597 senatu
892 3534 951 3596 est.
981 3529 1092 3614 Atqui,

1083 2710 1145 2773 22
