2446 3944
403 833 450 905 M.
480 832 622 906 TULLI
650 832 895 907 CICERONIS

195 995 267 1079 oa
299 950 519 1082 (11111111
551 995 623 1078 lo
654 995 882 1081 1111111111
911 996 1099 1094 ¹riuum

468 1185 589 1243 LIBER
611 1183 830 1244 SECUNDUS.
1103 1128 1105 1133 Ι

597 1341 704 1349 ——.

483 1463 707 1524 ARGUMEN
713 1462 812 1525 TUM.

216 1579 365 1650 Proposito
383 1580 559 1648 argumento,
583 1579 618 1632 de
642 1595 698 1660 quo
722 1579 777 1633 hoc
794 1578 867 1638 libro
887 1596 920 1634 ex
938 1577 1090 1649 partitione
1110 1595 1152 1647 ea,

147 1665 230 1716 quam
248 1649 387 1718 inpriore
405 1649 479 1702 libro
497 1648 616 1716 fecerat,
635 1648 827 1718 drsputaturus
847 1648 897 1714 sit,
916 1650 1037 1719 primum
1054 1665 1152 1718 prooe-

146 1718 233 1771 mium
250 1717 321 1772 facit
337 1717 374 1771 M.
394 1718 503 1773 Tullius
522 1717 687 1800 explicando
706 1718 741 1772 (11
759 1717 816 1772 suis
834 1719 946 1788 philoso
967 1718 1030 1773 hiae
1051 1718 1152 1773 studiis

148 1789 177 1841 et
194 1787 392 1856 scriptionibus
410 1804 444 1841 ec
463 1788 497 1869 gie
515 1790 623 1841 retrone
641 1787 861 1868 philosophandi
874 1789 934 1842 Aca
955 1789 1052 1857 emica,
1071 1790 1104 1843 ut
1117 1788 1152 1843 dc

146 1857 1153 2006 11111111111111111111111111

146 1996 295 2050 dicendum
308 2013 369 2051 esse
381 1996 431 2064 ait,
446 2012 479 2049 ac
487 1996 608 2064 primum
617 1996 731 2063 quidem
740 1996 774 2049 de
784 1996 850 2049 utili
859 1997 973 2066 exponit
983 2001 1053 2065 (cap.
1065 2003 1153 2050 3-24

146 2073 161 2132 5
185 2069 305 2135 9-87),
328 2068 358 2120 11
380 2065 520 2136 explicata
543 2064 655 2134 quidem
676 2064 808 2119 univorsa
829 2065 908 2119 utilis
931 2068 1044 2132 natura,
1068 2083 1154 2135 quam

144 2139 232 2205 negat
254 2137 290 2190 ab
311 2137 459 2190 honestate
482 2152 543 2190 esse
566 2135 733 2202 seiunctam,
758 2138 829 2205 (cap.
849 2143 942 2203 359,
963 2141 1007 2202 10)
1030 2138 1085 2191 hoc
1103 2137 1153 2191 ad·

146 2208 269 2272 severat,
292 2204 365 2258 nihil
387 2209 437 2259 eut
458 2204 556 2259 utilius
574 2206 624 2259 aut
640 2205 787 2259 nocentius
806 2222 866 2261 esse
885 2206 1043 2261 hominibus
1062 2208 1092 2260 in
1111 2208 1152 2262 eis

145 2277 237 2346 rebus,
251 2292 322 2344 quae
336 2275 419 2330 utiles
434 2275 499 2341 sint,
514 2291 596 2344 quam
610 2275 738 2329 homines
751 2274 828 2345 ipsos
841 2279 910 2346 (cap.
922 2281 1152 2348 3—5511-16),

146 2363 231 2414 quam
248 2347 285 2400 ob
302 2362 361 2400 rem
380 2345 569 2401 conciliandos
587 2345 694 2401 animos
708 2346 851 2400 hominum
867 2351 896 2402 et
909 2348 945 2400 ad
959 2366 1025 2402 usus
1039 2351 1151 2403 nostros

69 2427 71 2431 ⁴
146 2416 338 2485 adiungendus
358 2432 418 2470 esse
437 2415 515 2482 dicit,
534 2415 610 2484 quod
628 2415 667 2470 sit
684 2433 783 2470 munus
802 2417 915 2472 virtutis
935 2419 1047 2472 exclusa
1066 2419 1152 2473 etiam

145 2487 176 2542 vi
194 2486 323 2540 fortunae
342 2489 413 2557 (cap.
434 2492 459 2554 ὁ,
478 2493 494 2541 6
512 2493 528 2552 5
548 2489 671 2555 17-20).
707 2486 778 2540 Tum
796 2504 908 2557 causas,
932 2506 1016 2557 quam
1039 2489 1074 2544 ob
1092 2506 1151 2543 rem

146 2557 273 2612 homines
290 2557 450 2611 hominibus
468 2555 630 2624 inserviant,
649 2558 794 2611 enumerat
811 2559 841 2612 et
857 2560 1019 2628 pertractat,
1037 2559 1153 2613 benivo-

146 2628 272 2693 lentiam,
287 2627 508 2693 admirationem,
523 2627 669 2681 commoda
682 2630 798 2696 accepta
812 2629 862 2682 aut
875 2628 1039 2699 accipienda
1054 2633 1122 2699 (cap.
1136 2637 1152 2683 6

147 2700 314 2766 110-22),
338 2698 404 2751 dein
426 2695 577 2766 separatim
600 2695 670 2750 dicit
693 2697 727 2751 de
750 2698 943 2753 benivolentia
966 2700 995 2752 et
1014 2699 1152 2753 contrario

147 2768 206 2823 eius
229 2769 307 2822 metu
330 2772 400 2838 (cap.
426 2775 450 2832 ⁷,
473 2770 489 2822 '8
513 2773 528 2833 5
547 2769 682 2836 23-30),
704 2768 765 2820 tum
788 2769 823 2822 de
846 2769 937 2837 gloria
961 2772 1031 2839 (cap.
1056 2777 1153 2824 9—14

146 2846 161 2906 5
184 2843 319 2904 31-51),
346 2840 407 2892 turn
433 2838 467 2891 dc
489 2837 674 2891 beneficentia
697 2838 726 2891 et
747 2837 917 2892 liberalitate
942 2842 1013 2909 (cap.
1039 2846 1153 2894 15—24

146 2916 162 2976 5
177 2912 301 2978 52-85),
316 2908 435 2976 denique
451 2907 485 2961 de
499 2906 618 2962 aliarum
630 2924 723 2961 rerum
736 2908 861 2963 utilitate
875 2912 946 2979 (cap.
962 2916 997 2962 24
1010 2916 1025 2975 5
1040 2916 1083 2976 86,
1098 2913 1154 2979 87),

145 2981 289 3049 postremo
307 2977 464 3032 utilitatum
483 2977 720 3047 comparationem
737 2976 863 3033 instituit
881 2983 952 3050 (cap.
972 2982 1026 3048 25).

109 3191 127 3314 ξ
215 3225 317 3300 Quem
341 3227 381 3291 ad
408 3227 539 3291 modum
566 3225 673 3290 officia
696 3226 886 3291 ducerentur
910 3229 951 3292 ab
973 3228 1155 3314 honestate,

146 3313 255 3379 Marce
277 3313 335 3395 fili,
359 3317 455 3397 atque
480 3314 520 3378 ab
545 3315 631 3377 omni
657 3333 774 3398 genere
792 3315 932 3399 virtutis,
956 3317 1036 3380 satis
1057 3318 1156 3402 expli-

52 3382 256 3631 Wpstum
272 3401 414 3466 arbitror
427 3402 512 3466 libro
523 3400 695 3486 superiore.
719 3399 879 3486 Sequitur,
893 3406 930 3467 ut
941 3403 1021 3468 haec
1035 3405 1155 3470 officio·

877 3736 967 3813 f
