2446 3944
526 195 768 262 -366-

143 360 287 445 plumbei
311 380 434 440 sumus,
457 357 536 442 quin
555 356 638 421 nihil
662 356 706 420 sit
724 355 841 420 animis
861 354 1047 438 admixtum,
1069 356 1156 419 nihil

145 451 343 527 concretum,
360 444 443 509 nihil
461 445 662 528 copulatum,
680 442 762 508 nihil
780 446 1051 529 coagmentatum,
1069 443 1157 507 nihil

145 534 268 619 duplex.
313 532 406 609 Quod
433 554 506 597 cum
533 533 580 597 ita
609 532 665 613 sit,
690 536 776 596 certe
798 552 857 596 nec
880 531 1002 595 secerni
1023 551 1084 594 nec
1106 531 1157 594 di-

145 622 210 686 vidi
231 643 291 687 nec
314 621 453 704 discerpi
474 641 533 684 nec
556 619 694 684 distrahi
716 621 838 702 potest,
867 639 908 682 ne
929 618 1063 682 interire
1085 620 1155 699 qui-

143 711 211 793 dem
243 710 353 792 igitur.
407 707 470 772 Est
501 708 586 772 enim
617 706 768 771 interitus
795 706 888 790 quasi
926 705 1087 770 discessus
1120 710 1156 770 et

145 797 281 861 secretio
313 817 350 861 ac
377 795 553 879 diremptus
581 815 692 858 earum
717 794 873 878 partium,
900 814 982 877 quae
1006 795 1082 856 ante
1103 793 1156 857 in·

144 885 277 947 teritum
299 883 460 947 iunctione
484 882 593 965 aliqua
614 881 818 946 tenebantur.

210 970 271 1035 His
300 974 333 1034 et
365 970 486 1035 talibus
513 970 695 1034 rationibus
728 968 881 1033 adductus
914 966 1063 1033 Socrates
1093 989 1156 1032 nec

144 1061 317 1142 patronum
345 1057 506 1142 quaesivit
528 1056 569 1120 ad
596 1056 749 1120 iudicium
771 1056 888 1139 capitis
910 1077 970 1120 nec
993 1055 1156 1120 iudicibus

146 1146 280 1228 supplex
292 1146 356 1210 fuit
370 1144 578 1227 adhibuitque
591 1144 727 1208 liberam
741 1144 975 1208 contumaciam
990 1165 1009 1207 a
1027 1144 1154 1226 magni·

144 1233 254 1298 tudine
287 1233 387 1297 animi
418 1232 560 1315 ductam,
591 1253 658 1296 non
688 1253 708 1296 a
740 1231 906 1315 superbia,
937 1234 970 1295 et
1002 1252 1155 1314 supremo

144 1321 231 1386 vitae
253 1321 304 1385 die
333 1320 372 1384 de
399 1319 461 1384 hoc
489 1319 560 1403 ipso
584 1319 687 1383 multa
710 1318 862 1382 disseruit
885 1322 918 1382 et
942 1318 1053 1402 paucis
1078 1324 1155 1382 ante

146 1409 271 1492 diebus,
299 1429 372 1473 cum
398 1407 491 1472 facile
519 1410 631 1490 posset
654 1406 746 1470 educi
769 1427 785 1470 e
808 1405 968 1488 custodia,
992 1406 1099 1469 noluit
1121 1409 1156 1470 et

145 1500 213 1560 tum
236 1517 338 1580 paene
360 1496 395 1559 in
417 1517 515 1559 manu
537 1495 603 1559 iam
626 1493 829 1560 mortiferum
856 1493 937 1557 illud
959 1497 1073 1557 tenens
1095 1515 1154 1576 po·

147 1584 254 1647 culum
276 1584 403 1648 locutus
421 1583 471 1646 ita
489 1585 552 1665 est,
573 1584 611 1645 ut
627 1603 693 1646 non
712 1581 752 1645 ad
770 1584 908 1646 mortem
925 1580 1021 1662 trudi,
1041 1603 1155 1645 verum

94 1646 136 1773 τὲ)
146 1671 181 1735 in
203 1672 327 1736 caelum
349 1671 510 1735 videretur
530 1670 706 1734 escendere.
741 1667 794 1732 Ita
817 1668 902 1733 enim
924 1668 1077 1732 censebat
1094 1668 1155 1733 ita-

147 1781 208 1843 que
231 1758 395 1835 disseruit,
423 1757 501 1821 duas
526 1777 595 1821 esse
619 1757 688 1821 vias
716 1756 923 1840 duplicesque
949 1777 1061 1820 cursus
1085 1757 1155 1819 ani·

146 1867 273 1909 morum
296 1867 313 1908 e
336 1866 467 1927 corpore
491 1844 720 1909 excedentium.
758 1842 844 1907 Nem
867 1843 979 1926 quise
1002 1843 1154 1908 humanis

145 1933 234 1997 vitiis
263 1932 571 1996 contaminavissent
598 1935 631 1996 et
659 1952 692 1994 se
720 1933 807 1995 totos
834 1930 1022 1995 libidinibus
1050 1930 1154 1994 dedis-

147 2022 229 2101 sent,
260 2018 376 2102 quibus
400 2019 520 2082 caecati
542 2019 594 2084 vel
617 2017 802 2083 domesticis
825 2018 914 2083 vitiis
942 2020 1039 2100 atque
1062 2018 1155 2102 flagi-

145 2107 201 2170 tiis
226 2127 259 2170 se
282 2106 539 2188 inquinavissent
561 2106 613 2169 vel
636 2127 670 2170 re
694 2105 826 2189 publica
847 2105 1000 2170 violanda
1022 2105 1155 2171 fraudes

146 2193 360 2277 inexpiabiles
392 2193 626 2276 concepissent,
662 2194 702 2257 iis
735 2193 862 2257 devium
894 2193 1056 2277 quoddam
1092 2194 1157 2258 iter

147 2302 230 2363 esse,
254 2280 412 2344 seclusum
433 2303 452 2345 a
475 2280 610 2345 concilio
634 2281 781 2363 deorum3
805 2280 861 2364 qui
883 2282 992 2345 autem
1015 2301 1050 2344 se
1074 2281 1156 2346 inte-

147 2389 222 2452 gros
247 2372 414 2451 castosque
433 2369 662 2451 servavissent,
686 2369 865 2452 quibusque
887 2367 1002 2432 fuisset
1020 2368 1157 2433 minima

147 2476 220 2520 cum
243 2456 430 2538 corporibus
454 2457 604 2540 contagio
628 2476 759 2539 seseque
781 2456 821 2519 ab
849 2455 890 2519 iis
914 2477 1041 2540 semper
1065 2479 1156 2522 sevo·

148 2543 310 2608 cavissent
327 2546 497 2627 essentque
519 2545 554 2608 in
573 2543 762 2627 corporibus
785 2543 936 2608 humanis
958 2543 1060 2608 vitam
1084 2545 1156 2608 imi·

146 2631 209 2695 tati
240 2631 385 2713 deorum,
417 2632 457 2696 iis
490 2631 530 2696 ad
558 2632 646 2715 illos,
678 2653 698 2695 a
726 2631 842 2715 quibus
874 2634 982 2696 essent
1007 2631 1157 2716 profecti,

95 2738 128 2787 73
146 2720 286 2784 reditum
303 2719 433 2784 facilem
451 2722 569 2803 patere.
602 2718 717 2802 Itaque
735 2722 974 2800 commemorat,
992 2722 1029 2782 ut
1048 2720 1157 2803 cygni,

148 2808 202 2891 qui
224 2829 291 2872 non
314 2808 383 2871 sine
406 2829 504 2872 causa
525 2806 671 2891 Apollini
698 2805 797 2870 dicati
824 2806 903 2890 sint,
931 2805 986 2870 sed
1004 2806 1091 2889 quod
1113 2807 1155 2871 ab

148 2916 185 2959 eo
213 2894 445 2960 divinationem
478 2894 597 2959 habere
628 2894 811 2978 videantur,
843 2915 907 2977 qua
938 2893 1156 2977 providentes,

147 2982 224 3066 quid
251 2983 286 3047 in
308 2986 412 3046 morte
439 2982 516 3047 boni
539 2983 595 3066 sit,
622 3003 694 3046 cum
718 2985 814 3046 cantu
837 2985 871 3046 et
896 2981 1065 3063 voluptate
1087 3002 1156 3046 mo·

147 3070 288 3153 riantur,
314 3070 360 3134 sic
388 3070 536 3135 omnibus
563 3070 657 3134 bonis
685 3072 718 3133 et
745 3069 848 3134 doctis
872 3089 942 3133 esse
964 3068 1157 3133 faciendum.

147 3156 216 3221 Nec
234 3179 310 3221 vero
329 3157 367 3221 de
385 3157 447 3222 hoc
470 3157 640 3240 quisquam
665 3156 812 3221 dubitare
834 3160 959 3240 posset,
981 3156 1047 3221 nisi
1069 3157 1157 3221 idem

147 3244 241 3307 nobis
260 3244 418 3309 accideret
436 3244 608 3329 diligenter
625 3245 665 3308 de
683 3245 791 3309 animo
811 3243 1048 3329 cogitantibus,
1071 3244 1157 3329 quod

147 3331 188 3393 iis
212 3351 308 3414 saepe
330 3354 391 3396 usu
413 3334 515 3416 venit,
538 3332 594 3417 qui
611 3334 633 3413 †
652 3353 724 3396 cum
745 3332 861 3396 acriter
884 3332 985 3397 oculis
1009 3332 1157 3399 deficien-

148 3422 214 3481 tem
230 3419 332 3481 solem
345 3419 555 3503 intuerentur,
572 3423 609 3484 ut
623 3422 789 3502 aspectum
808 3419 937 3485 omnino
953 3420 1156 3503 amitterent3

148 3504 195 3568 sic
207 3506 326 3569 mentis
342 3508 427 3571 acies
441 3529 475 3572 se
494 3509 566 3591 ipsa
583 3508 713 3572 intuens
726 3529 794 3572 non
811 3528 987 3591 numquam
1000 3506 1158 3591 hebescit,

63 3574 150 3716 Ἰ
