2446 3944
470 187 711 253 -233-·-

87 350 195 412 cetera
214 345 340 432 generis
360 346 524 429 eiusdem]
559 346 708 431 Itemque
725 347 831 433 magis
850 347 901 413 est
919 347 1093 413 secundm
1110 363 1145 414 11

87 438 239 500 naturam
266 456 326 519 pro
354 435 504 501 omnibus
532 435 698 521 gentibus,
725 435 754 500 si
780 435 851 500 fieri
873 435 991 520 possit,
1018 458 1091 501 con-

89 523 256 587 servandis
279 526 336 588 aut
358 522 506 587 iuvandis
530 523 688 588 maximos
711 523 839 589 labores
862 524 1093 608 molestiasque

89 610 251 695 suscipere
273 610 457 676 imitantem
479 611 653 677 Herculem
675 611 783 695 illum,
806 633 901 696 quem
924 612 1094 676 hominum

87 699 185 779 fama
199 698 426 765 beneficiorum
449 720 573 764 memor
599 699 635 764 in
656 699 792 766 concilio
816 700 1005 766 caelestium
1029 700 1094 765 col-

88 786 222 869 locavit,
241 808 339 870 quam
360 787 469 851 vivere
486 787 521 850 in
539 787 712 851 solitudine
729 809 797 852 non
813 788 909 853 modo
929 788 998 853 sine
1016 788 1092 852 ullis

88 874 262 952 molestiis,
291 874 347 938 sed
375 875 473 939 etiam
499 874 535 937 in
565 875 715 938 maximis
742 875 966 960 voluptatibus
995 877 1093 940 abun-

90 962 221 1026 dantem
249 962 398 1026 omnibus
426 962 542 1047 copiis,
568 965 606 1027 ut
633 963 771 1028 excelles
795 963 894 1028 etiam
915 964 1093 1048 pulchritu-

90 1050 163 1114 dine
187 1053 220 1114 et
241 1050 374 1115 viribus.
411 1048 568 1125 Quocirca
590 1050 715 1135 optimo
739 1051 875 1136 quisque
899 1054 931 1116 et
954 1051 1093 1136 splendi-

90 1138 223 1203 dissimo
246 1138 377 1222 ingenio
400 1137 497 1223 longe
515 1138 608 1203 illam
625 1138 729 1204 vitam
746 1139 822 1204 huic
839 1139 1016 1223 anteponit.
1042 1138 1093 1202 Ex

89 1248 154 1310 quo
182 1226 321 1290 efficitur
356 1225 520 1290 hominem
549 1230 686 1292 naturae
714 1227 937 1292 oboedientem
968 1225 1094 1290 homini

89 1335 205 1378 nocere
231 1335 298 1378 non
327 1334 432 1398 posse.
480 1312 618 1399 Deinde,
650 1315 706 1399 qui
737 1316 876 1380 alterum
908 1315 1024 1392 violat,
1055 1318 1093 1378 ut
1111 1331 1144 1380 26

89 1399 158 1486 ipse
182 1401 305 1486 aliquid
327 1401 487 1466 commodi
510 1406 734 1502 consequatur,
752 1406 809 1468 aut
826 1402 909 1467 nihil
928 1402 1093 1467 existimat

90 1512 125 1554 se
142 1490 249 1554 facere
266 1493 380 1555 contra
397 1493 549 1554 naturam
567 1493 624 1554 aut
646 1490 753 1576 magis
769 1490 962 1591 fugiendam
984 1493 1094 1554 censet

90 1581 244 1660 mortem,
266 1581 492 1678 paupertatem
499 1577 691 1662 ,dolorem,
714 1578 920 1643 emissionem
939 1578 1038 1643 etiam
1056 1578 1093 1641 li-

89 1666 260 1766 berorum,
283 1666 551 1750 propinquorum,
579 1664 756 1731 amicorum
783 1688 881 1750 quam
902 1665 1008 1731 facere
1030 1665 1094 1730 cui·

91 1776 189 1838 quam
216 1753 376 1817 iniuriam.
422 1751 457 1817 Si
487 1753 570 1817 nihil
602 1753 685 1817 11111
686 1753 767 1818 11111
798 1757 911 1819 111111
941 1756 1093 1818 naturam

90 1841 162 1905 fieri
183 1841 368 1906 hominibus
394 1841 568 1925 violandis,
597 1841 674 1925 quid
696 1864 769 1906 cum
797 1863 835 1907 eo
862 1841 1015 1924 disseras,
1038 1841 1094 1925 qui

92 1928 223 1994 omnino
245 1929 410 1994 hominem
434 1952 472 1994 ex
494 1929 624 1994 homine
647 1929 816 1994 tollat?
790 1950 842 1994 sm
857 1929 1047 2015 fugiendum
1060 1929 1094 1993 id

92 2016 220 2101 quidem
248 2021 368 2100 censet,
397 2018 452 2082 sed
479 2018 583 2083 multo
610 2017 669 2082 illa
691 2016 816 2102 peiora,
842 2021 994 2100 mortem,
1016 2038 1093 2101 pau-

90 2108 266 2189 pertatem,
290 2105 447 2190 dolorem,
471 2109 559 2169 errat
581 2106 614 2170 in
638 2127 689 2190 1ο,
712 2105 798 2190 quod
820 2106 924 2170 ullum
948 2107 1005 2169 aut
1027 2126 1094 2168 cor-

89 2193 179 2277 poris
203 2196 260 2256 111
281 2192 431 2257 fortunae
453 2193 570 2258 vitium
591 2194 681 2258 vitiis
704 2193 805 2259 animi
826 2193 958 2279 gravius
978 2192 1094 2257 existu-

91 2284 169 2345 mat.
204 2279 293 2381 Ergo
317 2303 416 2345 unum
439 2281 533 2346 debet
557 2303 627 2346 esse
649 2282 798 2347 omnibus
821 2280 1035 2366 propositum,
1057 2281 1125 2345 116

91 2369 204 2433 eadem
218 2368 262 2433 sit
275 2368 401 2433 utilitas
419 2369 514 2433 unius
532 2370 686 2453 cuiusque
700 2373 733 2434 et
745 2368 982 2470 universorum,
998 2389 1095 2452 quam

93 2457 122 2520 si
149 2456 190 2521 ad
218 2478 252 2520 se
279 2456 414 2539 quisque
440 2456 560 2542 rapiet,
592 2457 788 2559 dissolvetur
820 2457 925 2522 omnis
952 2457 1095 2520 humana

92 2544 264 2609 consortio.

180 2630 340 2716 Atquet
307 2653 324 2695 e
340 2631 422 2715 iam,
441 2631 469 2696 si
490 2631 631 2696 hoct
574 2635 631 2694 nat
632 2654 691 2696 ura
712 2632 919 2716 praescribit,
937 2634 975 2695 ut
996 2630 1094 2695 homo
1114 2647 1146 2696 2⁵1

91 2719 229 2803 homini,
257 2719 448 2802 quicumque
471 2719 528 2802 sit,
556 2719 597 2783 ob
621 2740 693 2782 eam
714 2719 820 2802 ipsam
843 2740 987 2800 causam,
1011 2717 1096 2801 quod

91 2808 120 2872 is
148 2807 246 2871 homo
275 2807 331 2891 sit,
359 2807 542 2871 consultum
569 2805 661 2888 velit,
688 2827 817 2870 necesse
845 2810 895 2870 est
923 2804 1096 2869 secundum

93 2895 228 2960 eandem
250 2900 401 2959 naturam
425 2894 569 2959 omniurn
591 2893 768 2958 utilitatem
792 2915 862 2958 esse
885 2914 1096 2958 communem.

94 2982 186 3059 Quod
218 2982 246 3046 si
273 2983 321 3048 ita
348 2986 410 3065 est,
442 3003 508 3046 una
539 2982 740 3047 continemur
776 3003 887 3046 omnes
919 2984 952 3045 11
984 2980 1096 3044 eadem

93 3071 166 3156 lege
192 3074 340 3154 naturae,
371 3070 467 3153 idque
494 3069 601 3153 ipsum
633 3069 661 3132 si
686 3069 734 3133 ita
761 3074 824 3153 est,
856 3073 942 3136 certe
973 3068 1095 3133 violare

93 3159 232 3224 alterum
254 3162 390 3223 naturae
414 3158 486 3243 lege
509 3157 726 3242 prohibemur.
753 3157 876 3222 Verum
898 3160 1008 3222 autem
1030 3157 1095 3240 pri-

93 3269 195 3329 mum3
213 3268 325 3312 verum
344 3246 446 3332 igitur
465 3249 651 3310 extremum.
688 3243 774 3310 Nam
792 3246 875 3310 illud
893 3245 1022 3330 quidem
1042 3245 1095 3309 ab·
1115 3261 1147 3309 28

93 3334 226 3399 surdum
249 3339 311 3418 est,
331 3335 416 3419 quod
436 3334 565 3418 quidam
584 3333 707 3412 dicunt,
726 3334 855 3418 parenti
873 3357 907 3398 se
926 3337 982 3398 aut
999 3333 1096 3397 fratri

91 3423 176 3487 nihil
199 3423 400 3488 detracturos
424 3422 475 3486 sui
497 3422 657 3487 commodi
679 3442 791 3506 causa,
815 3423 913 3488 aliam
935 3422 1096 3486 rationem

92 3511 308 3577 111111
335 3511 543 3595 reliquorum
587 3508 633 3574 Hi
660 3509 723 3575 111
750 3512 832 3577 nna
854 3512 948 3596 111,
969 3484 1160 3711 nuliam!
