2446 3944
557 194 792 259 -462—

171 354 321 438 impediri
340 353 437 419 etiam
456 354 553 418 animi
577 352 679 417 aciem
698 355 829 436 aspectu
850 352 1017 417 oculorum
1042 353 1185 418 arbitra·

171 443 280 526 batur,
303 445 429 507 etcum
453 442 508 506 alii
531 462 641 524 saepe,
665 440 750 525 quod
773 444 847 504 ante
869 439 965 522 pedes
990 444 1092 525 esset,
1117 462 1182 506 non

171 531 328 613 viderent,
351 530 406 593 illo
429 531 464 594 ia
485 529 677 593 infinitatem
697 549 824 594 omnem
842 527 1123 611 peregrinabatur,
1146 532 1184 593 ut

170 619 259 682 nulla
280 619 315 682 in
338 618 539 682 extremitate
562 616 760 682 consisteret.
812 615 978 680 Traditum
1003 619 1055 680 est
1082 617 1181 682 etiam

170 705 346 770 Homerum
365 726 493 770 caecum
510 704 623 789 fuisse3
648 708 683 769 at
701 705 768 769 eius
786 705 959 788 picturam,
979 724 1047 767 non
1065 705 1181 787 podsin

171 794 324 858 videmus.
375 792 463 868 Quae
490 793 592 878 regio,
620 815 701 877 quae
724 814 793 877 ora,
824 792 879 876 qui
901 791 992 856 locus
1017 791 1182 876 Graeciae,

172 902 252 964 quae
279 880 402 964 specics
428 880 595 965 formaque
622 901 762 965 pugnae,
789 901 870 964 quae
894 878 993 957 acies,
1021 880 1110 963 quod
1134 902 1181 944 re

172 969 321 1052 migium,
351 967 405 1052 qui
435 972 541 1032 motus
570 969 752 1052 hominum,
781 969 836 1053 qui
865 968 1008 1031 ferarum
1037 989 1107 1033 non
1134 968 1182 1032 ita

172 1057 314 1140 expictus
338 1060 400 1135 est,
428 1059 478 1134 ut,
504 1077 585 1140 quae
611 1056 681 1139 ipse
704 1078 770 1121 non
793 1055 920 1138 viderit,
950 1076 1010 1118 uos
1032 1058 1073 1119 ut
1096 1055 1180 1120 vide·

172 1166 292 1227 remus,
315 1143 477 1209 effecerit?
518 1143 602 1219 Quid
625 1145 724 1228 ergo?
749 1147 805 1208 aut
826 1142 968 1207 Homero
992 1142 1180 1209 delectatio·

172 1254 246 1297 nem
270 1233 369 1295 animi
393 1252 430 1296 ac
452 1231 652 1314 voluptatem
671 1236 728 1297 aut
751 1232 898 1315 cuiquam
919 1229 1015 1296 docto
1039 1231 1180 1296 defuisse

120 1334 170 1384 115
195 1342 347 1403 umquam
361 1319 578 1384 arbitramur?
593 1323 658 1403 aut,
671 1321 705 1384 ni
719 1321 766 1385 ita
780 1341 813 1384 sa
827 1341 878 1384 res
892 1319 1037 1401 haberet,
1051 1318 1180 1384 Anaxa·

172 1431 269 1494 goras
290 1410 346 1472 aut
363 1407 417 1472 hic
435 1409 504 1491 ipse
518 1407 722 1473 Democritus
742 1428 837 1492 agros
856 1410 889 1471 et
906 1406 1106 1490 patrimonia
1125 1429 1181 1471 sua

171 1497 389 1580 reliquissent,
419 1496 495 1560 huic
526 1496 669 1560 discendi
701 1495 935 1580 quaerendique
967 1493 1097 1558 divinae
1130 1494 1180 1559 de·

171 1584 341 1648 lactationi
367 1587 437 1648 toto
461 1605 494 1648 se
518 1584 626 1648 animo
655 1582 838 1648 dedissent?
882 1582 996 1665 Itaque
1023 1603 1180 1667 augurem

172 1671 341 1754 Tiresiam,
369 1694 463 1756 quem
490 1673 669 1755 sapientem
695 1672 822 1756 fingunt
844 1674 972 1754 poetae,
1001 1691 1179 1755 numquam

171 1760 328 1824 inducunt
346 1758 567 1842 deplorantem
586 1759 774 1825 caecitatem
788 1781 888 1824 suam.
920 1758 966 1821 At
983 1779 1063 1822 vero
1083 1757 1179 1842 Poly-

171 1848 324 1930 phemum
353 1846 513 1912 Homerus
542 1869 614 1912 curn
643 1849 806 1912 inmanem
834 1846 1001 1928 ferumque
1022 1845 1179 1929 finxisset,

173 1956 245 1999 cum
272 1935 371 1998 ariete
394 1936 492 1998 etiam
515 1937 761 2018 conloquentem
789 1933 869 1998 facit
891 1934 1022 2016 eiusque
1045 1933 1178 1999 laudare

172 2023 333 2104 fortunas,
364 2021 461 2105 quod,
490 2043 554 2106 qua
582 2024 695 2107 vellet,
725 2023 850 2106 ingredi
879 2024 990 2105 posset
1018 2024 1066 2103 et,
1100 2043 1179 2106 quae

172 2110 282 2190 vellet,
306 2108 474 2192 attingere.
512 2108 610 2173 Recte
632 2110 686 2175 hic
708 2107 849 2193 quidcm'3
871 2109 973 2173 nihilo
998 2109 1089 2174 enim
1112 2111 1179 2174 erat

172 2197 242 2280 ipse
266 2194 404 2279 Cyclops
428 2218 526 2278 quam
549 2197 632 2261 aries
654 2198 709 2262 illc
730 2198 925 2281 prudentior.
1020 2240 1021 2243 κ

238 2282 277 2348 In
304 2283 461 2348 surditate
488 2307 564 2349 vero
593 2285 745 2369 quidnam
773 2290 823 2350 est
852 2283 951 2349 mali?
1000 2284 1084 2350 Hrat
1113 2307 1178 2350 sur-

173 2371 280 2436 daster
311 2371 354 2436 M.
387 2369 537 2456 Crassus,
569 2373 624 2438 sed
653 2373 739 2439 aliud
768 2375 947 2456 molestius,
977 2373 1067 2457 quod
1098 2373 1179 2438 male

174 2460 336 2543 audiebat,
359 2460 500 2543 etiamsi,
529 2464 566 2526 ut
588 2463 668 2525 mihi
690 2462 872 2545 videbatur,
894 2460 1020 2524 iniuria.
1066 2460 1178 2526 Nostri

173 2548 293 2613 Graeca
319 2547 387 2612 fere
414 2549 563 2612 nesciunt
584 2571 644 2614 nee
666 2548 780 2613 Gracci
802 2548 928 2613 Latine.
971 2547 1063 2632 Ergo
1090 2548 1125 2612 hi
1146 2550 1179 2612 iu

172 2637 302 2701 illorum
334 2639 367 2699 et
397 2637 449 2700 illi
480 2637 514 2701 in
545 2637 660 2701 horum
692 2658 837 2702 sermone
870 2635 971 2718 surdi,
1006 2657 1178 2720 omnesque

171 2725 252 2788 item
278 2745 337 2788 nos
360 2723 456 2787 iniis
484 2724 616 2808 linguis,
645 2747 725 2809 quas
748 2745 814 2789 non
839 2722 1072 2808 intellegimus,
1101 2745 1178 2808 quae

173 2815 248 2876 sunt
270 2811 534 2891 innumerabiles,
557 2813 645 2876 surdi
667 2811 813 2895 profecto
838 2833 957 2875 sumus.
1001 2810 1046 2874 At
1069 2833 1179 2876 vocem

173 2898 352 2964 citharoedi
374 2919 440 2963 non
463 2898 605 2964 audiunt.
640 2899 690 2964 Ne
715 2899 887 2964 stridorem
913 2899 1041 2983 quidem
1067 2919 1179 2981 serrae,

172 2991 242 3051 tum
265 3008 336 3050 cum
360 2987 497 3068 acuitur,
522 2990 579 3050 aut
600 2987 801 3071 grunditum,
820 3008 891 3050 cum
915 2986 1093 3070 iugulatur,
1117 2986 1178 3052 suis

172 3097 245 3158 nec,
282 3095 354 3138 cum
391 3074 553 3158 quiescere
589 3076 715 3159 volunt,
750 3073 913 3138 fremitum
948 3075 1179 3140 murmurantis

172 3163 286 3245 maris3
309 3165 342 3226 et
365 3162 393 3225 si
416 3165 529 3226 cantus
548 3183 602 3227 eos
625 3161 709 3227 forte
732 3162 905 3243 delectant,
929 3161 1071 3244 primurn
1096 3162 1181 3246 cogi·

172 3252 242 3313 tare
265 3250 395 3332 debent,
418 3252 493 3313 ante
516 3271 612 3332 quam
634 3249 671 3313 hi
694 3249 760 3314 ¹sint
782 3249 919 3332 inventi,
941 3248 1064 3314 multos
1088 3251 1179 3315 beate

172 3336 292 3401 vixisse
311 3337 486 3421 sapientes,
509 3337 622 3400 deinde
641 3339 744 3402 multo
763 3336 918 3400 maiorem
939 3337 1063 3420 percipi
1088 3348 1180 3421 p'osse

85 3423 339 3723 *mlcgendis
366 3424 418 3488 his
446 3446 541 3507 quam
569 3424 735 3489 audiendis
764 3425 973 3507 voluptatem.
1018 3425 1117 3510 Tum,
1145 3428 1181 3489 ut

119 2256 163 2318 40

121 2334 171 2382 116

195 3512 270 3576 aulo
303 3515 377 3576 ante
410 3533 522 3578 caecos
555 3512 595 3576 ad
628 3513 754 3577 aurium
789 3511 1037 3577 traducebamus
1070 3514 1180 3596 volup·
