2446 3944
549 179 789 244 -488—

209 332 390 401 Existere
411 334 510 399 ictos
532 333 645 399 undis
668 332 1005 416 concursantibus,

210 422 298 487 Nisi
320 423 413 506 quas
436 422 639 487 terrestris
661 422 802 506 pontus
825 424 982 505 strages
1005 419 1171 504 conciet,

211 509 288 575 Aut
309 511 411 575 forte
434 509 571 576 Triton
592 509 748 573 fuscina
771 511 947 573 evertens
972 529 1110 592 specus

211 596 351 663 Subte'r
372 598 524 663 radices
546 597 703 682 penitus
726 596 889 661 undanti
910 593 951 660 in
971 595 1077 661 freto
1207 656 1212 669 ,

210 685 349 751 Molem
371 688 414 751 ex
437 685 627 770 profundo
652 686 806 749 saxeam
830 684 876 748 ad
893 684 1043 749 caelum
1061 684 1172 748 eruit

166 791 305 856 Dubitat
325 790 440 874 primo,
462 811 545 874 quac
569 789 612 854 sit
634 811 673 854 ea
694 792 822 873 natura,
845 811 943 873 quam
960 789 1066 854 cernit
1083 789 1173 876 igno

167 885 246 962 tam,
268 879 415 960 idemque
433 877 602 945 iuvenibus
621 877 701 942 visis
720 877 893 961 auditoque
910 878 1043 942 nautico
1062 882 1172 943 cantu:

211 982 355 1068 †Sieut
386 983 500 1048 inciti
532 987 646 1067 atque
679 983 827 1047 dlacres
853 981 999 1046 rostris
1026 981 1174 1066 perfre-

212 1154 398 1243 Delphini
421 1158 550 1242 †item
574 1158 652 1222 alia
674 1092 808 1223 muppp
812 1073 973 1222 1dilusus
993 1157 1095 1222 melo

214 1244 463 1311 Consimilem
504 1247 550 1311 ad
590 1267 700 1311 aures
742 1247 891 1397 ora'qqpqpr
928 1247 964 1309 et
1000 1244 1174 1309 auditum

117 1456 152 1506 90
170 1439 260 1526 Ergo
287 1443 324 1505 ut
350 1439 403 1504 hic
429 1441 534 1524 primo
563 1441 696 1524 aspectu
722 1439 902 1503 inanimum
930 1438 1085 1522 quiddam
1109 1461 1175 1504 sen·

172 1548 272 1610 suque
301 1549 439 1592 vacuum
469 1549 503 1592 se
531 1530 627 1612 putat
656 1548 799 1610 eernere,
828 1530 904 1610 post
935 1531 1045 1591 autem
1073 1526 1174 1613 signis

172 1615 376 1699 certioribus,
406 1615 500 1700 quale
524 1614 568 1678 sit
589 1614 636 1697 id,
662 1614 702 1678 de
729 1636 792 1698 quo
817 1613 1035 1698 dubitaverat,
1061 1614 1176 1699 incipit

172 1704 343 1788 suspicari,
370 1705 417 1768 sie
443 1702 629 1787 philosophi
656 1701 848 1786 debuerunt,
875 1701 904 1765 si
925 1702 1010 1766 forte
1034 1723 1090 1767 eos
1114 1702 1175 1786 pri·

172 1813 243 1856 mus
263 1793 412 1875 aspectus
430 1790 542 1854 mundi
560 1790 819 1872 conturbaverat,
841 1793 964 1875 postea,
987 1812 1062 1854 cum
1079 1790 1174 1854 vidis·

172 1882 244 1943 sent
271 1881 377 1942 motus
405 1879 474 1943 eius
500 1877 610 1942 finitos
633 1881 666 1941 et
690 1877 874 1961 aequabiles
898 1878 1070 1962 omniaque
1094 1878 1174 1942 ratis

173 1965 338 2030 ordinibus
366 1966 532 2030 moderata
557 1966 804 2048 inmutabilique
827 1966 1025 2049 constantia,
1051 1965 1176 2030 intelle

172 2074 247 2138 gere
278 2055 382 2117 inesse
414 2054 555 2136 aliquem
580 2075 647 2118 non
674 2053 780 2118 solum
806 2053 1025 2118 habitatorem
1053 2053 1090 2117 in
1118 2054 1176 2118 hac

173 2140 305 2205 caelesti
333 2162 369 2205 ac
397 2141 505 2206 divina
532 2140 640 2224 domo,
671 2140 727 2205 sed
754 2141 853 2206 etiam
874 2145 1033 2206 rectorem
1056 2145 1090 2205 et
1113 2163 1176 2205 mo

173 2228 354 2292 deratorem
382 2231 415 2292 et
440 2231 609 2312 tamquam
632 2229 845 2294 architectum
867 2229 952 2293 tanti
975 2228 1084 2314 operis
1108 2232 1175 2292 tan·

120 2329 163 2393 36
172 2317 262 2400 tique
290 2313 449 2381 muneris(
484 2315 580 2381 Nunc
607 2319 716 2381 autem
737 2317 819 2381 mihi
840 2316 989 2382 videntur
1011 2338 1053 2380 ne
1076 2317 1176 2401 suspi-

174 2405 240 2470 cari
258 2404 396 2489 quidem,
415 2406 536 2488 quanta
555 2404 598 2469 sit
616 2404 851 2471 admirabilitas
866 2404 1056 2470 caelestium
1069 2426 1177 2470 rerum

175 2495 271 2576 atque
294 2494 504 2557 terrestrium.

118 2594 154 2642 al
240 2580 402 2665 Principio
435 2581 520 2645 enim
546 2585 634 2646 terra
662 2580 726 2646 sita
752 2581 788 2644 i11
814 2581 920 2644 media
946 2583 1040 2666 parte
1067 2580 1178 2645 mundi

174 2667 369 2733 circumfusa
397 2669 536 2753 undique
564 2672 614 2733 est
641 2669 703 2734 hae
731 2668 865 2733 animali
888 2668 1100 2752 spirabilique
1124 2689 1176 2732 na·

172 2760 260 2839 tura,
287 2759 338 2821 cui
360 2779 479 2822 nomen
500 2759 551 2821 est
574 2763 643 2841 atr,
667 2756 824 2821 Graecum
846 2755 926 2821 illud
950 2755 1093 2840 quidem,
1123 2754 1178 2820 sed

173 2847 362 2929 perceptum
384 2844 450 2908 iam
472 2847 584 2909 tamen
605 2867 665 2909 usu
688 2867 708 2908 a
728 2844 863 2926 nostris3
886 2844 1000 2908 tritum
1023 2847 1075 2907 est
1093 2843 1178 2908 enim

173 2954 233 3015 pro
251 2931 377 2996 Latino.
408 2931 504 2997 Hunc
522 2954 632 2997 rursus
652 2932 858 3014 amplectitur
876 2932 1041 2995 inmensus
1057 2932 1178 3014 aether,

175 3129 236 3190 que
264 3107 411 3191 verbum,
438 3108 625 3191 dicaturque
654 3112 722 3171 tam
752 3105 894 3172 ‘aether'
924 3105 1053 3191 Latine,
1082 3129 1180 3192 quarn

175 3193 292 3259 dicitur
314 3200 379 3279 aar,
402 3196 465 3261 etsi
486 3196 719 3280 interpretatur
741 3194 916 3260 Pacuvius:

239 3298 334 3383 Hoc,
365 3301 464 3384 quod
496 3322 676 3385 memoro,
711 3300 840 3364 nostri
872 3300 1035 3382 caelum,
1072 3299 1181 3365 Graii

752 3387 963 3473 perhibent
986 3388 1163 3472 aetherea

85 3492 269 3711 'quasi
292 3515 370 3560 vero
392 3515 459 3559 non
472 3492 590 3559 Graius
612 3493 673 3559 hoc
696 3493 790 3558 dicat.
826 3492 872 3557 At
890 3493 1007 3559 Latine
1028 3495 1182 3577 loquitur.

87 3700 95 3711 ,
119 3639 133 3712 Ι
