2446 3944
401 187 761 266 4—266-

142 378 213 422 osse
236 355 267 420 ei
288 377 361 421 oum
379 355 551 419 honestate
568 352 759 418 coniunctio.
789 351 885 436 Nam,
908 356 945 417 ut
963 352 1152 419 tribuamus

142 444 266 528 aliquid
287 442 463 528 voluptati,
490 441 688 507 condimenti
708 439 848 505 fortasse
870 462 937 506 non
958 440 1058 525 nihil,
1088 443 1154 506 uti·

140 533 247 597 litatis
270 535 356 597 uerte
378 530 462 594 nihil
484 529 628 594 habebit.

91 635 140 685 121
209 619 319 684 Habes
343 641 363 684 a
382 621 477 703 patre
495 639 620 701 munus,
637 615 746 682 Marce
763 616 820 695 fili,
839 637 911 680 mea
930 615 1060 699 quidem
1079 637 1152 682 sen·

143 708 247 772 tentia
269 727 433 792 magnum,
456 706 513 770 sed
535 705 666 791 perinde
685 705 755 787 erit,
777 708 815 768 ut
833 704 1002 788 acceperis.
1031 703 1152 778 Quam·

143 816 242 882 quam
264 795 300 858 hi
322 795 384 858 tibi
411 798 478 858 tres
507 793 583 857 libri
611 793 697 857 inter
720 790 868 877 Cratippi
899 792 1153 857 commentarios

43 876 96 890 ‘'
143 891 311 965 tamquam
338 883 484 966 hospites
512 884 605 946 erunt
631 880 818 965 recipiendi3
846 879 915 962 sed,
947 882 996 962 ut,
1029 880 1058 943 si
1079 880 1153 964 ipse

143 970 303 1035 venissem
321 969 468 1034 Athenas
493 967 593 1054 (quod
614 968 742 1052 quidem
762 971 847 1032 esset
865 967 997 1050 fastum,
1014 967 1080 1031 nisi
1098 990 1153 1033 me

143 1079 161 1122 e
183 1057 289 1122 medio
309 1078 404 1122 cursu
423 1058 511 1122 olera
528 1077 607 1121 voce
625 1056 733 1141 patria
746 1053 954 1138 revocasset),
974 1055 1151 1138 aliquando

142 1165 194 1208 me
218 1167 345 1228 quoque
369 1144 509 1227 audires,
533 1143 591 1227 sio,
615 1144 768 1227 quoniam
790 1144 842 1207 his
864 1143 1084 1208 voluminibus
1109 1145 1152 1208 ad

142 1235 176 1296 te
198 1232 346 1314 profecta
365 1253 428 1296 vox
447 1234 497 1295 est
515 1253 597 1315 mea,
614 1231 739 1296 tribues
757 1231 797 1295 iis
816 1231 972 1316 temporis
992 1235 1153 1314 quantum

142 1319 275 1403 poteris,
298 1319 421 1403 poteris
445 1322 562 1402 antem,
585 1323 742 1403 quantum
764 1320 864 1384 voles.
899 1317 979 1383 (lum
1002 1340 1079 1383 vero
1103 1319 1153 1385 in·

142 1406 298 1470 tellexero
321 1410 354 1471 te
372 1405 433 1472 hoo
452 1407 604 1472 scientiae
620 1428 736 1492 genere
755 1407 903 1492 gaudere,
926 1411 996 1471 tum
1011 1409 1043 1471 et
1058 1429 1152 1490 prae·

143 1515 217 1557 sens
236 1497 342 1559 tecum
356 1495 552 1579 propediem,
571 1499 608 1559 ut
626 1516 730 1579 spero,
750 1499 791 1577 et,
810 1495 887 1559 dum
901 1494 1017 1578 aberis,
1031 1495 1152 1560 absens

58 1645 61 1652 ,
142 1581 267 1664 loquar.
303 1581 386 1646 Vale
403 1581 518 1666 igitur,
541 1583 586 1647 mi
606 1581 726 1667 Cicero,
749 1582 875 1666 tibique
896 1582 1054 1666 persuade
1078 1604 1152 1648 esse

140 1669 323 1752 tequidem
346 1670 427 1733 mihi
450 1671 661 1753 carissimum,
685 1671 741 1734 sed
763 1671 867 1735 multo
890 1671 960 1736 fore
983 1670 1154 1757 cariorem,

137 1756 172 1820 si
192 1757 313 1821 talibus
332 1757 465 1822 monitis
488 1759 733 1844 praeceptisque
756 1758 929 1824 laetabere.
