2446 3944
472 202 712 268 -371-

89 384 106 427 e
137 383 229 426 muro
262 381 296 424 se
328 360 364 424 in
393 381 480 424 mare
514 360 669 425 abiecisse
701 361 785 425 lecto
818 359 963 424 Platonis
999 359 1093 426 libro.

87 451 167 514 Eius
191 451 312 531 autem,
341 469 436 532 quem
460 447 539 531 dixi,
565 447 726 532 Hegesiae
752 447 835 512 liber
862 450 912 511 est
938 442 1093 533 Ἀποκαρ-

87 535 207 619 τερῶν,
232 557 294 619 quo
318 558 338 600 a
360 536 427 601 vita
454 536 584 620 quidam
606 557 664 618 per
690 535 830 600 inediam
856 535 1022 600 discedens
1044 557 1093 601 re·

88 626 222 688 vocatur
245 624 286 688 ab
309 624 435 705 amicis,
459 624 574 707 quibus
596 624 792 707 respondens
819 623 905 688 vitae
934 624 1093 689 humanae

90 715 256 776 enumerat
272 711 484 776 incommoda.
518 709 652 777 Possem
669 712 754 776 idem
771 710 887 795 facere,
907 712 970 775 etsi
987 713 1093 777 minus
1121 744 1124 748 ·

89 821 186 883 quam
213 799 284 881 ille,
310 799 364 882 qui
387 798 518 863 omnino
541 799 647 863 vivere
670 798 818 882 expedire
840 800 963 863 nemini
990 803 1094 883 putat.

87 888 185 953 Mitto
209 887 303 972 alios3
328 886 466 951 etiamne
488 887 581 951 nobis
605 886 754 970 expedit?
777 887 833 970 qui
854 890 887 951 et
908 888 1096 953 domesticis

89 981 122 1041 et
148 975 333 1039 forensibus
361 974 490 1039 solaciis
518 975 778 1058 ornamentisque
805 975 925 1058 privati
953 980 1040 1039 certe
1065 976 1094 1040 si

89 1067 162 1129 ante
190 1063 432 1147 occidissemus,
463 1084 551 1127 mors
583 1084 643 1127 nos
672 1062 825 1141 amalis,
856 1084 969 1127 nona
999 1063 1093 1128 bonis

88 1151 309 1216 abstraxisset.
392 1161 393 1164 ’
1103 1188 1146 1253 35

154 1238 204 1304 Sit
189 1239 293 1324 tigit
293 1260 331 1303 ur
358 1237 489 1322 aliquis,
516 1238 572 1319 qui
598 1238 681 1302 nihil
704 1238 783 1303 mali
805 1237 939 1321 habeat,
966 1238 1092 1302 nullum
1111 1265 1146 1316 35

88 1327 266 1392 afortuna
292 1326 409 1391 volnus
439 1326 608 1407 acceperit.
658 1325 807 1390 Metellus
839 1325 895 1389 ille
926 1288 1093 1390 honoratis

88 1418 242 1498 quattuor
272 1414 362 1497 filiis,
394 1417 429 1477 at
465 1413 699 1497 quinquaginta
729 1413 892 1496 Priamus,
929 1435 946 1477 e
978 1413 1093 1497 quibus

90 1502 315 1585 septemdecim
343 1503 431 1566 iusta
457 1522 555 1565 uxore
584 1502 680 1566 natis.
729 1500 768 1565 In
794 1505 929 1584 utroque
961 1501 1094 1565 eandem

88 1589 204 1653 habuit
238 1588 370 1653 fortuna
405 1591 613 1672 potestatem,
649 1588 706 1653 sed
740 1611 799 1653 usa
835 1589 870 1653 in
901 1590 1002 1654 altero
1035 1592 1094 1653 est.

88 1676 257 1740 Metellum
286 1677 371 1741 enim
400 1675 495 1740 multi
525 1676 587 1740 filii
617 1675 718 1758 filiae,
750 1680 884 1759 nepotes
915 1680 1028 1760 neptes
1059 1677 1095 1742 in

89 1785 204 1848 rogum
226 1764 446 1848 inposuerunt,
469 1762 635 1829 Priamum
652 1767 745 1828 tanta
762 1764 916 1848 progenie
935 1765 1093 1848 orbatum,

90 1874 163 1917 cum
194 1853 228 1915 in
261 1873 350 1915 aram
383 1851 592 1936 confugisset,
619 1851 749 1916 hostilis
780 1874 894 1916 manus
923 1852 1096 1918 interemit.

89 1939 152 2005 Hic
175 1939 202 2004 si
227 1939 308 2004 vivis
330 1938 407 2003 ffliis
429 1939 584 2004 incolumi
605 1961 705 2024 regno
729 1941 900 2005 occidisset

158 2111 166 2127 .
189 2111 196 2125 .
220 2062 374 2126 astante
397 2083 465 2145 ope
488 2062 693 2127 barbarica

154 2147 282 2214 Tectis
306 2149 486 2233 caelatis,
508 2149 716 2234 laqueatis,

88 2295 197 2355 utrum
219 2290 351 2354 tandem
374 2311 394 2352 a
415 2289 510 2354 bonis
534 2311 575 2353 an
594 2312 614 2354 a
636 2290 731 2354 malis
755 2289 976 2355 discessisset?
1012 2290 1095 2355 Tum

88 2377 234 2461 profecto
261 2378 424 2442 videretur
450 2400 470 2441 a
497 2377 600 2441 bonis.
649 2379 695 2441 At
717 2380 801 2441 certe
830 2377 860 2442 ei
886 2378 1001 2443 melius
1024 2400 1094 2444 eve·

89 2466 204 2543 nisset,
226 2486 285 2530 nec
307 2469 376 2530 tam
398 2465 550 2529 flebiliter
572 2465 631 2528 illa
653 2469 855 2529 canerentur:

156 2588 260 2652 Haec
283 2588 409 2652 omnia
431 2587 511 2652 vidi
534 2587 785 2669 inflammari,

155 2675 307 2740 Priamo
331 2676 368 2741 vi
391 2675 509 2740 vitam
533 2672 685 2757 evitari,

156 2761 258 2830 Iovis
282 2765 385 2828 aram
409 2762 597 2846 sanguine
619 2761 780 2845 turpari.

90 2902 189 2979 Quasi
215 2925 291 2968 vero
320 2905 383 2967 ista
409 2904 441 2967 vi
468 2902 641 2986 quicquam
663 2905 733 2965 tum
761 2899 905 2984 potuerit
927 2898 956 2963 ei
978 2899 1094 2964 melius

90 2991 246 3056 accidere!
288 2991 409 3067 Quodsi
433 2994 506 3054 ante
528 2990 709 3073 occidisset,
731 2990 831 3053 talem
855 2989 1004 3052 eventum
1028 3009 1094 3051 om-

88 3080 165 3144 nino
198 3078 370 3162 amisisset,
407 3078 470 3142 hoc
501 3081 557 3143 aut
558 3100 609 3142 em
640 3082 785 3160 tempore
818 3096 948 3140 sensum
984 3075 1094 3139 amisit

88 3167 256 3231 malorum
304 3128 472 3249 Porhpeio,
502 3169 613 3230 nostro
644 3164 817 3248 familiari,
848 3185 921 3228 cum
953 3164 1094 3248 graviter
1112 3184 1146 3233 aa

89 3257 273 3338 aegrotaret
308 3253 462 3337 Neapoli,
502 3253 617 3318 melius
655 3256 722 3319 cst
745 3251 879 3321 naun.
940 3249 1093 3316 Coronati

88 3338 298 3425 Neapolitani
319 3342 463 3426 fuerunt,
489 3342 643 3407 nimirum
701 3338 717 3355 ’
911 3346 914 3351 ’
947 3338 954 3352 “

89 3451 127 3493 ex
151 3430 277 3513 oppidis
305 3429 433 3512 publice
461 3428 610 3515 gratulab
697 3504 711 3517 Ι,

88 3517 212 3602 gotium
234 3519 268 3581 et
290 3515 497 3603 Graeculum,
519 3517 576 3584 sed
672 3600 687 3623 Ι,
