2446 3944
441 203 683 269 -213-

61 357 160 441 volgo
187 357 378 440 loquuntur,
410 377 444 421 se
475 355 510 420 in
540 355 703 422 beneficiis
735 354 930 421 collocandis
958 364 1064 420 mores

61 444 243 529 hominum,
268 465 335 510 non
360 444 526 509 fortunam
553 443 653 527 sequi.
697 441 846 508 Honesta
872 442 977 507 oratio
1000 444 1064 525 est3
1155 472 1158 477 ·

62 532 119 598 sed
143 532 215 616 quis
245 534 295 596 est
317 532 457 615 tandem,
480 531 536 615 qui
553 531 661 615 inopis
679 535 712 595 et
731 531 847 614 optimi
864 530 926 596 viri
949 551 1065 595 causae

61 642 128 685 non
156 623 333 704 anteponat
359 619 395 684 in
421 640 520 703 opera
546 618 651 684 danda
678 619 819 705 gratiam
845 618 1005 683 fortunati
1032 621 1065 682 et

62 707 227 792 potentis?
254 729 275 772 a
301 727 364 790 quo
392 707 477 771 enim
504 706 683 790 expeditior
709 710 742 771 et
765 705 899 771 celerior
921 727 1065 770 remune-

62 795 146 860 ratio
173 794 243 859 fore
269 794 411 877 videtur,
440 794 476 858 in
502 816 575 859 eum
600 792 669 858 fere
696 796 746 859 est
772 794 924 858 voluntas
951 796 1066 859 nostra

62 882 259 966 propensior.
296 880 359 947 Sed
372 881 691 947 animadvertendum
705 884 755 945 est
769 880 966 966 diligentius,
982 902 1065 964 quae

63 972 181 1034 natura
203 990 310 1034 rerum
333 969 385 1035 sit
421 968 584 1035 Nimirum
606 969 692 1033 enim
711 969 807 1052 inops
825 969 891 1052 ille,
914 968 1065 1034 sibonus

64 1061 114 1122 est
141 1056 200 1140 vir,
233 1057 362 1122 etiamsi
389 1056 509 1121 referre
537 1057 679 1141 gratiam
705 1078 771 1121 non
796 1059 919 1140 potest,
944 1055 1065 1121 habere

63 1147 149 1210 certe
170 1147 289 1229 potest.
318 1142 493 1210 Commode
516 1147 634 1227 autem,
657 1145 849 1229 quicumque
871 1143 964 1227 dixit,
989 1143 1066 1228 ‘pe-

63 1232 212 1298 cuniam
234 1232 299 1316 qui
321 1232 476 1315 habeat,
498 1253 573 1297 non
595 1231 825 1314 reddidisse,
853 1231 917 1315 qui
938 1230 1066 1295 reddi·

63 1320 181 1404 derit,
198 1341 274 1385 non
290 1319 445 1403 habere,
464 1319 631 1404 gratiam
650 1322 777 1385 autem
791 1323 841 1402 et,
860 1318 926 1402 qui
943 1321 1066 1385 rettu-

62 1408 171 1491 lerit,
202 1408 344 1472 habere
376 1411 427 1490 et,
459 1407 523 1491 qui
554 1407 713 1490 habeat,
744 1404 968 1470 rettulisse?
1018 1404 1065 1471 At

64 1495 120 1578 qui
142 1517 176 1559 se
199 1495 386 1578 locupletes,
407 1495 594 1578 honoratos,
616 1495 730 1560 beatos
752 1497 879 1578 putant,
901 1493 925 1557 ii
947 1515 988 1558 ne
1011 1493 1066 1559 ob

64 1583 162 1668 ligari
185 1582 314 1666 quidem
336 1582 489 1647 beneficio
512 1583 640 1665 volunt3
663 1583 741 1666 quin
759 1582 857 1646 etiam
875 1581 1066 1646 beneficium

65 1693 98 1735 se
130 1669 254 1735 dedisse
286 1669 500 1748 arbitrantur,
533 1692 606 1734 cum
636 1670 701 1754 ipsi
732 1669 880 1754 quamvis
910 1690 1065 1755 magnum

64 1757 196 1843 aliquod
223 1757 417 1843 acceperint,
450 1761 547 1841 atque
574 1757 673 1822 etiam
701 1779 721 1822 a
752 1778 786 1822 se
818 1760 875 1822 aut
905 1757 1066 1842 postulari

65 1849 121 1910 aut
144 1846 324 1929 exspectari
345 1845 469 1929 aliquid
491 1845 703 1930 suspicantur,
727 1844 907 1930 patrocinio
929 1865 1008 1910 uero
1031 1865 1066 1910 se

64 1953 141 1997 usos
164 1936 221 1997 aut
242 1933 375 1998 clientes
404 1933 562 2018 appellari
584 1933 699 1998 mortis
721 1934 827 1998 instar
847 1936 974 2018 putant.
1019 1932 1066 1997 At
1085 1952 1118 2001 το

65 2042 141 2085 vero
163 2020 220 2085 ille
241 2022 362 2104 tenuis,
385 2043 470 2104 cum,
494 2021 644 2105 quicquid
665 2021 788 2086 factum
811 2020 863 2104 sit,
886 2042 921 2085 se
944 2025 1066 2106 specta*

65 2111 144 2193 tum,
165 2130 232 2173 non
247 2108 413 2173 fortunam
431 2112 533 2193 putet,
550 2131 616 2174 non
634 2110 729 2174 modo
748 2109 807 2192 illi,
830 2109 886 2194 qui
904 2113 956 2174 est
974 2108 1066 2175 meri-

63 2200 131 2278 tus,
158 2196 214 2260 sed
241 2196 340 2261 etiam
366 2195 447 2281 illis,
479 2219 498 2260 a
526 2197 642 2281 quibus
670 2199 835 2282 exspectat
862 2193 952 2284 (eget
980 2196 1066 2262 enim

64 2282 205 2369 multis),
236 2287 366 2368 gratum
399 2306 433 2349 se
458 2284 562 2349 videri
589 2284 697 2350 studet
723 2306 827 2369 neque
853 2306 930 2351 vero
957 2284 1066 2350 verbis

65 2375 163 2456 auget
185 2392 280 2436 suum
301 2393 432 2455 munus,
459 2372 488 2437 si
510 2394 573 2456 quo
595 2372 681 2436 forte
702 2372 865 2458 fungitur,
888 2373 944 2438 sed
967 2373 1066 2437 etiam

65 2463 225 2525 extenuat.
256 2458 501 2543 Videndumque
522 2458 605 2525 illud
627 2463 685 2543 est,
707 2460 803 2543 quod,
825 2460 854 2525 si
877 2461 1066 2545 opulentum

64 2545 329 2631 fortunatumque
353 2547 540 2630 defenderis,
561 2546 597 2611 in
617 2568 682 2611 uno
695 2546 754 2611 illo
778 2550 843 2630 aut,
865 2547 894 2611 si
916 2547 1009 2630 forte,
1032 2547 1067 2610 in

65 2634 175 2699 liberis
199 2635 267 2699 eius
290 2639 400 2700 manet
422 2635 545 2720 gratia3
568 2634 749 2698 sinautem
766 2634 905 2719 inopem,
926 2634 1066 2719 probum

64 2724 226 2787 tamenet
211 2723 433 2807 t,modestum
457 2743 568 2786 omnes
585 2743 653 2786 non
668 2721 798 2806 inprobi
815 2722 962 2804 humiles,
984 2742 1066 2804 quac

64 2831 183 2895 magna
205 2810 240 2874 in
261 2811 382 2894 populo
405 2810 515 2875 multit
516 2810 579 2875 udo
598 2812 648 2873 est
648 2807 875 2892 ,praesidium
894 2807 956 2872 sibi
974 2829 1066 2892 para·

64 2901 135 2961 tum
157 2897 275 2963 vident
252 2896 424 2973 tQuam
446 2898 488 2963 ob
511 2919 580 2962 rem
602 2895 718 2960 melius
741 2894 826 2979 apud
845 2895 948 2960 bonos
968 2916 1065 2978 quam
1084 2912 1116 2962 71

64 2984 150 3069 apud
183 2984 251 3050 fort
236 2988 368 3050 tanatos
404 2984 593 3049 beneficium
625 2983 777 3049 collocari
808 2986 897 3066 puto
950 2981 1066 3046 Danda

64 3072 195 3137 omnino
218 3076 402 3157 operaest,
428 3075 465 3137 ut
488 3072 576 3136 omni
599 3071 746 3157 generis
732 3071 811 3135 satis
834 3069 940 3136 facere
963 3069 1066 3170 possi·

63 3181 150 3241 mus3
186 3159 242 3224 sed
277 3160 306 3224 si
339 3181 391 3224 res
426 3159 462 3223 in
493 3160 731 3224 contentionem
761 3158 882 3242 veniet,
913 3157 1064 3222 nimirum

63 3244 297 3312 Themistocles
321 3251 371 3311 est
394 3250 506 3312 auctor
529 3246 742 3330 adhibendum
771 3247 827 3331 qui
854 3268 927 3311 cum
954 3267 1065 3310 consu-

63 3333 198 3417 leretur,
224 3338 334 3398 utrum
360 3334 445 3399 bono
472 3334 542 3398 viro
571 3334 705 3418 pauperi
732 3356 774 3398 an
796 3334 902 3398 minus
925 3333 1064 3417 probato

64 3420 157 3486 diviti
183 3421 286 3485 filiam
313 3421 500 3487 collocaret:
532 3419 628 3506 ‘Ego
656 3419 772 3505 vero',
801 3421 921 3505 inquit,
948 3420 1064 3486 ‘malo
1045 3288 1156 3712 0(

61 3508 1064 3594 virum,quipecuniaegeat,quampecuniam,quae
