2446 3944
546 175 786 240 -496-

233 337 411 420 Ansaque
451 335 647 400 funestum
683 335 808 420 prima
841 340 900 400 est
935 335 1174 401 fabricarier

954 445 1088 488 ensem

233 511 282 578 Et
310 515 468 598 gustare
495 533 606 576 manu
633 511 805 576 vinctum
831 510 1099 596 domitumque
1121 514 1175 578 iu·

912 621 1085 665 veroum.

168 740 274 806 Tanta
302 740 480 825 putabatur
509 740 635 805 utilitas
662 738 784 825 percipi
810 760 828 803 e
850 738 969 823 bubus,
999 744 1175 806 uteorum

116 832 159 895 64
167 828 345 895 visceribus
367 829 454 893 vesci
477 829 581 893 scelus
603 827 786 892 haberetur.
825 825 975 914 Longum
997 831 1050 892 est
1074 831 1175 895 mulo·

168 939 240 982 rum
262 916 412 1002 persequi
429 915 589 980 utilitates
609 918 641 979 et
660 915 833 999 asinorum,
856 936 938 999 quae
956 919 1044 980 certe
1065 917 1109 982 ad
1122 919 1175 983 ho

118 1018 168 1067 160
178 1005 300 1070 minum
318 1026 413 1068 usum
430 1007 564 1088 paratae
583 1005 667 1067 sunt.
699 1001 759 1067 Sus
778 1024 854 1068 vero
870 1003 946 1086 quid
959 1003 1064 1069 habet
1077 1027 1166 1090 prae

168 1097 220 1157 ter
242 1092 369 1157 escam?
397 1091 449 1156 oui
472 1091 608 1174 quidem,
630 1112 670 1155 ne
693 1094 884 1176 putesceret,
906 1090 1051 1156 animam
1069 1092 1173 1178 ipsam

169 1203 229 1267 pro
260 1180 327 1244 sale
356 1179 467 1243 datam
497 1178 573 1244 dicit
605 1200 675 1243 esse
703 1177 916 1264 Chrysippus3
948 1201 1012 1262 qua
1046 1182 1173 1266 pecude,

171 1268 256 1352 quod
278 1271 347 1331 erat
371 1267 412 1331 ad
433 1267 626 1331 vescendum
645 1266 830 1331 hominibus
850 1271 936 1353 apta,
957 1267 1044 1332 nihil
1063 1270 1173 1356 genuit

169 1360 287 1421 natura
312 1355 487 1420 fecundius.
533 1353 616 1430 Quid
645 1355 886 1419 multitudinem
913 1356 1179 1442 suavitatemque·

169 1444 307 1530 piscium
331 1443 455 1509 dicam?
479 1442 556 1527 quid
578 1441 708 1506 avium?
732 1464 770 1506 ex
794 1442 909 1526 quibus
927 1447 1022 1508 tanta
1040 1447 1172 1531 pereipi-

169 1536 223 1596 tur
251 1532 416 1615 voluptas,
447 1533 484 1594 ut
513 1530 676 1594 interdum
701 1527 847 1594 Pronoea
873 1532 987 1594 nostra
1013 1531 1173 1617 Epicurea

169 1620 269 1684 firisse
304 1619 460 1684 videatur.
507 1617 616 1701 Atque
652 1639 708 1681 eae
743 1639 784 1681 ne
815 1620 1006 1702 caperentur
1047 1622 1172 1706 quidem

169 1707 233 1772 nisi
254 1706 421 1771 hominnm
443 1705 570 1771 ratione
589 1709 686 1789 atque
705 1705 865 1789 sollertia3
888 1728 1089 1791 quamquam
1107 1711 1171 1776 avis

171 1795 338 1880 quasdam,
366 1798 399 1857 et
426 1795 520 1858 alites
549 1796 582 1858 et
605 1793 742 1878 oscines,
770 1798 807 1857 ut
828 1794 932 1858 nostri
955 1817 1099 1882 augures
1123 1821 1171 1883 ap

170 1883 307 1968 pellant,
334 1902 442 1945 rerum
470 1881 729 1966 augurandarum
752 1903 848 1946 causa
871 1903 941 1947 esse
963 1888 1062 1949 natas
1085 1891 1172 1971 puta-

120 1984 265 2033 161mus.
300 1968 371 2032 Iam
394 1990 470 2033 vero
493 1969 649 2034 immanes
673 1972 705 2033 et
723 1969 809 2034 feras
828 1970 940 2036 beluas
957 1973 1172 2038 nanciscimur

168 2056 324 2137 venando,
347 2059 384 2120 ut
407 2059 440 2119 et
457 2078 625 2120 vescamur
642 2056 683 2121 iis
702 2061 735 2121 et
753 2079 957 2124 exerceamur
974 2060 1010 2123 in
1028 2062 1173 2126 venando

171 2145 212 2209 ad
234 2143 477 2208 similitudinem
500 2144 635 2208 bellicae
659 2145 846 2230 disciplinae
870 2151 902 2211 et
924 2150 1058 2212 utamur
1077 2149 1173 2214 domi·

169 2233 213 2297 tis
235 2235 268 2296 et
287 2230 529 2314 condocefaotiS,
552 2235 589 2295 ut
608 2233 798 2317 elephantis,
820 2235 986 2317 multaque
1005 2257 1047 2299 ex
1066 2259 1173 2302 earum

171 2319 360 2405 corporibus
393 2319 535 2382 remedia
566 2320 689 2383 morbis
704 2380 707 2385 ,
722 2325 755 2384 et
786 2322 972 2385 vulneribus
1006 2323 1173 2410 eligamus,

171 2409 254 2473 sicut
278 2429 316 2471 ex
339 2406 531 2491 quibusdam
555 2407 711 2492 stirpibus
735 2411 767 2471 et
789 2409 906 2492 herbis,
929 2432 1070 2493 quarum
1091 2414 1173 2478 utili-

170 2500 256 2560 tates
279 2494 449 2579 longinqui
471 2495 627 2581 temporis
649 2517 710 2558 usu
729 2500 762 2559 et
779 2496 1015 2581 periclitatione
1034 2501 1173 2587 percepi-

171 2606 252 2648 mus.
297 2582 414 2646 Totam
445 2583 521 2646 licet
553 2582 668 2647 animis
701 2586 867 2667 tamquam
900 2585 1001 2650 oeulis
1034 2587 1173 2654 lustrare

170 2675 293 2736 terram
321 2670 486 2753 mariaque
514 2671 635 2754 omnia3
662 2693 772 2735 cernes
799 2673 864 2736 iam
887 2673 995 2757 spatia
1016 2674 1173 2763 frugifera

172 2763 269 2842 atque
287 2758 434 2821 inmensa
450 2781 636 2843 camporum
649 2760 849 2842 vestitusque
863 2760 1075 2829 densissimos
1089 2789 1174 2831 mon-

171 2847 266 2930 tium,
289 2845 448 2929 pecudum
469 2850 596 2930 pastus,
623 2848 693 2910 turn
715 2846 897 2912 incredibili
918 2871 1030 2914 cursus
1055 2855 1174 2918 mariti-

120 2945 170 2993 162
186 2955 255 2998 mos
280 2933 453 2998 celeritate.
493 2932 561 2998 Nec
583 2955 660 2999 vero
680 2956 777 3019 supra
795 2939 928 3020 terram,
948 2937 1127 3006 sedetiam
1143 2943 1174 3006 in

171 3020 305 3085 intumis
329 3020 397 3084 eins
420 3021 563 3085 tenebris
581 3021 795 3105 plurimarum
813 3046 920 3088 rerum
939 3024 1021 3089 latet
1040 3029 1174 3111 utilitas,

173 3131 254 3192 quae
284 3107 325 3196 ad
351 3129 446 3172 nsum
468 3108 636 3174 hominum
659 3114 731 3174 crta
754 3111 794 3175 ab
817 3111 1003 3177 hominibus
1028 3116 1110 3181 solis
1133 3118 1175 3180 in·

171 3197 308 3260 venitur.

120 3315 163 3380 65
238 3315 326 3381 Illud
347 3338 435 3400 vero,
459 3319 544 3402 quod
565 3323 700 3403 uterque
722 3325 866 3386 vestrum
885 3322 1020 3407 arripiet
1037 3325 1177 3392 fortasse

174 3403 214 3467 ad
236 3405 504 3489 reprendendum,
532 3405 642 3489 Cotta,
670 3409 745 3490 quia
768 3408 949 3475 Carneades
972 3413 1126 3480 lubenter
1146 3416 1178 3479 in

67 3504 116 3704 Ι
173 3488 299 3556 Stoicos
327 3492 553 3579 invehebatur,
579 3493 738 3582 Velleius,
766 3498 841 3580 quia
862 3498 945 3563 nihil
967 3503 1038 3564 tam
1061 3502 1188 3568 inridet·
