2446 3944
98 803 132 852 66

97 1505 130 1555 ot

95 2554 129 2603 68

529 189 770 255 -212-

149 345 230 411 tatis
253 345 386 432 gradus,
409 345 455 411 sic
477 346 572 412 huius
596 347 747 413 scientiae
771 347 923 433 splendor
945 346 1068 410 deletus
1092 349 1156 432 est,

149 433 245 517 idque
259 454 297 498 eo
315 433 488 520 indignius,
506 436 593 519 quod
610 457 648 501 eo
665 439 811 520 tempore
829 435 891 500 hoc
909 434 1055 519 contigit,
1077 455 1154 500 cum

149 521 178 585 is
197 524 290 605 esset,
309 522 365 605 qui
383 543 493 587 omnes
508 524 698 607 superiores,
717 523 833 607 quibus
847 523 969 587 honore
982 544 1042 606 par
1056 527 1154 607 esset,

150 609 284 673 scientia
306 609 401 675 facile
423 611 563 677 vicisset.
597 610 686 676 Haeo
707 611 811 696 igitur
833 632 931 695 opera
953 614 1048 695 grata
1070 611 1154 675 mul·

150 697 193 760 tis
221 700 254 761 et
281 697 322 761 ad
348 698 510 764 beneficiis
534 699 782 783 obstringendos
804 697 951 762 homines
974 719 1154 762 accommo-

152 785 235 849 data.
280 784 388 868 Atque
415 786 490 851 huic
518 787 581 852 arti
602 787 751 850 finituma
774 789 823 850 est
846 785 970 850 dicendi
993 786 1153 870 [gravior]

149 872 288 938 facultas
312 877 345 938 st
368 874 492 959 gratior
515 879 548 939 et
571 875 723 939 ornatior.
760 872 842 949 Quid
861 874 946 938 enim
966 874 1154 956 eloquentia

149 961 379 1044 praestabilius
405 963 458 1027 vel
486 963 697 1027 admiratione
725 961 922 1026 audientium
949 961 1001 1025 vel
1026 982 1083 1045 spo
1104 961 1154 1026 in·

150 1048 329 1133 digentium
351 1049 403 1115 vel
427 1065 546 1128 eorum,
569 1051 625 1134 qui
647 1049 769 1114 defensi
792 1052 877 1132 sunt,
900 1048 1029 1134 gratia?
1065 1047 1152 1114 Huic

151 1138 304 1220 [quoque]
319 1158 396 1222 ergo
411 1160 430 1201 a
444 1137 620 1203 maioribus
633 1137 754 1202 nostris
770 1137 867 1202 estin
884 1140 964 1222 toga
981 1137 1151 1221 dignitatis

149 1224 349 1309 principatus
382 1225 485 1290 datus.
533 1224 656 1290 Diserti
687 1225 789 1310 igitur
819 1225 961 1289 hominis
992 1228 1025 1288 et
1054 1223 1152 1290 facile

149 1311 339 1397 laborantis,
361 1314 509 1398 quodque
530 1313 567 1377 in
586 1313 703 1397 patriis
725 1317 775 1377 est
798 1312 951 1394 moribus,
973 1313 1152 1377 multorum

151 1420 263 1464 causas
291 1404 324 1464 st
350 1422 416 1466 non
443 1405 576 1488 gravate
604 1405 637 1465 et
664 1401 808 1486 gratuito
836 1400 1034 1464 defendentis
1057 1400 1152 1464 bene·

149 1488 222 1552 ficia
244 1492 277 1552 et
299 1489 479 1573 patrocinia
496 1490 563 1554 late
580 1493 702 1572 patent.
738 1488 943 1553 Admonebat
961 1509 1012 1552 me
1030 1509 1091 1571 res,
1113 1492 1152 1553 ut

148 1576 211 1641 hoc
229 1598 356 1661 quoque
373 1577 444 1642 loco
463 1577 736 1642 intermissionem
754 1576 964 1660 eloquentiae,
986 1596 1027 1640 ne
1045 1575 1151 1641 dicam

148 1664 326 1747 interitum,
348 1665 562 1750 deplorarem,
586 1665 622 1728 ni
643 1686 779 1747 vererer,
801 1685 841 1727 nc
864 1663 901 1727 de
924 1663 1069 1746 meipso
1093 1663 1152 1728 ali·

150 1752 226 1835 quid
248 1752 373 1817 viderer
401 1754 499 1836 queri.
544 1749 606 1817 Sed
632 1756 744 1817 tamen
769 1751 928 1835 videmus,
955 1751 1071 1834 quibus
1099 1773 1151 1815 ex-

150 1839 277 1903 stinctis
305 1841 488 1904 oratoribus
516 1862 613 1924 quam
639 1840 675 1905 in
699 1839 811 1924 paucis
844 1860 930 1922 spes,
962 1843 1083 1923 quanto
1115 1840 1151 1903 in

148 1927 354 2010 paucioribus
371 1927 520 2011 facultas,
539 1950 636 2011 quam
653 1928 689 1990 in
706 1927 818 1992 multis
838 1926 882 1990 sit
900 1927 1040 1991 audacia.
1067 1924 1150 1992 Cum

149 2017 257 2079 autem
275 2036 386 2080 omnes
404 2037 470 2079 non
491 2015 627 2099 possint,
648 2036 689 2080 ne
711 2015 807 2079 multi
830 2015 968 2099 quidem,
991 2017 1047 2079 aut
1068 2014 1149 2079 iuris

148 2102 246 2186 periti
277 2123 347 2166 esso
379 2106 435 2167 aut
466 2103 591 2186 diserti,
622 2102 699 2168 licet
729 2105 840 2167 tamen
870 2124 969 2186 opera
996 2101 1150 2186 prodesse

148 2190 260 2255 multis
287 2189 441 2255 beneficia
466 2193 643 2275 petentem,
675 2190 952 2255 commendantem
982 2189 1150 2269 iudicibus,

149 2277 411 2363 magistratibus,
437 2277 630 2362 vigilantem
651 2301 711 2364 pro
734 2300 769 2342 re
796 2279 942 2361 alterius,
969 2299 1024 2342 eos
1050 2277 1150 2362 ipsos,

149 2366 205 2448 qui
231 2369 287 2429 aut
314 2366 524 2448 consuluntur
552 2369 608 2431 aut
635 2366 821 2449 defendunt,
848 2368 1032 2450 rogantem3
1063 2365 1150 2449 quod

149 2453 204 2537 qui
220 2452 353 2531 faciunt,
374 2453 549 2539 plurimum
569 2455 692 2539 gratiae
711 2457 957 2537 consequuntur,
978 2453 1149 2517 latissime-

149 2562 210 2625 que
233 2561 343 2605 eorum
366 2545 477 2607 manat
499 2542 666 2607 industria.
710 2542 780 2606 Iam
802 2541 883 2605 illud
908 2562 975 2605 non
998 2543 1073 2605 sunt
1096 2540 1149 2604 ad·

148 2627 299 2693 monendi
325 2631 389 2712 (est
418 2630 504 2694 enim
535 2629 570 2693 in
598 2629 780 2714 promptu),
811 2632 848 2692 ut
880 2629 1149 2712 animadvertant,

149 2738 222 2782 cum
248 2716 358 2782 iuvare
386 2717 468 2782 alios
494 2717 610 2801 velint,
641 2738 682 2781 no
714 2738 794 2800 quos
827 2717 1001 2781 offendant.
1047 2714 1149 2800 Saepe

148 2804 234 2868 enim
257 2808 313 2869 aut
336 2826 390 2870 eos
411 2804 551 2886 laedunt,
575 2826 655 2888 quos
672 2826 738 2868 non
756 2804 883 2887 debent,
906 2808 962 2869 aut
980 2826 1045 2888 eos,
1068 2825 1148 2886 quos

15 2916 29 2959 τ·
146 2913 213 2957 non
231 2893 372 2976 expedit,
396 2893 424 2956 si
441 2892 657 2977 inprudentes,
680 2892 905 2977 neglegentiae
924 2895 983 2975 est,
1001 2892 1030 2954 si
1048 2891 1164 2956 scien·-

15 2984 18 2989 '
147 2984 212 3062 tes,
240 2980 443 3044 temeritatis.
483 2979 651 3049 ‚Utendum
674 2979 773 3043 etiarn
796 2983 845 3044 est
868 2979 1072 3044 excusatione
1095 2977 1150 3042 ad·

91 3379 137 3444 20

67 3580 136 3712 ἱ

146 3090 258 3132 versus
282 3089 351 3152 eos,
378 3089 458 3151 quos
481 3067 601 3132 invitus
629 3067 784 3149 offendas,
812 3088 1011 3150 quacumque
1033 3066 1151 3150 possis,

146 3177 246 3239 quare
269 3155 311 3239 id,
335 3156 420 3239 quod
441 3154 565 3240 feceris,
586 3176 716 3220 necesse
735 3154 835 3218 fuerit
853 3176 912 3220 nce
930 3155 1026 3220 aliter
1043 3154 1150 3218 facere

145 3243 305 3326 potueris,
337 3243 515 3327 ceterisque
547 3243 652 3327 operis
687 3245 719 3307 et
751 3242 865 3308 officiis
897 3243 958 3307 erit
984 3242 1030 3327 id,
1063 3240 1151 3326 quod

146 3329 306 3394 violatum
329 3331 503 3414 videbitur,
526 3331 806 3414 compensandum.

90 3456 126 3504 59
214 3414 276 3481 Sed
299 3439 371 3482 eum
388 3418 424 3482 in
441 3418 626 3484 hominibus
644 3418 791 3484 iuvandis
811 3421 868 3484 aut
885 3440 991 3484 mores
1010 3417 1151 3502 spectari

146 3508 203 3569 aut
225 3505 356 3570 fortuna
380 3507 497 3590 soleat,
526 3506 612 3571 dictu
635 3506 764 3591 quidem
787 3510 837 3571 est
859 3507 1015 3591 proclive,
1037 3506 1150 3590 itaque
