2446 3944
463 183 703 248 -251-

78 341 149 406 fieri
170 343 261 406 nullo
285 342 381 408 modo
404 345 528 427 potest,
550 341 610 426 sic,
633 343 719 427 quod
741 342 914 408 honestum
936 365 1003 409 non
1025 346 1084 428 est,

78 430 112 493 id
135 429 214 494 utile
237 432 274 493 ut
297 431 354 514 sit,
382 430 466 496 effici
492 451 559 495 non
586 433 644 514 pot
646 435 696 496 est
681 431 915 496 tadveraente
939 436 971 496 et
992 453 1085 517 repu-

80 521 200 603 gnante
222 521 348 583 natura

145 604 191 669 At
214 605 312 690 enim,
335 628 408 670 cum
430 627 609 692 permagna
630 606 775 690 praemia
798 611 887 690 sunt,
914 608 965 671 est
987 595 1138 672 eausa20

79 693 239 777 peccandi.
276 692 311 758 Ο.
333 694 456 758 Marius
480 716 552 758 cum
576 716 596 759 a
618 715 676 779 spe
699 657 887 760 consulatusi
909 694 1006 795 longe
1030 673 1136 760 sab-⁷⁹

79 785 165 846 esset
187 781 252 845 et
242 804 309 845 ram
332 781 505 866 septimum
529 803 649 847 annum
667 786 743 866 post
760 786 947 866 praeturam
965 782 1085 847 iaceret

78 891 181 952 neque
201 870 363 953 petiturus
381 892 536 954 umquam
554 870 758 935 consulatum
776 870 948 954 videretur,
970 868 1006 945 Q.
1020 870 1085 934 Me·

78 958 210 1041 tellum,
232 958 322 1022 cuius
344 957 473 1043 legatus
497 961 583 1042 erat,
605 979 767 1022 summurn
790 958 895 1023 virum
918 959 951 1022 et
974 957 1084 1042 civem,

79 1067 152 1109 eum
170 1045 211 1109 ab
231 1067 278 1129 eo,
296 1046 492 1129 imperatore
511 1066 578 1129 suo,
597 1044 736 1111 Romam
754 1045 872 1110 missus
887 1048 980 1129 esset,
1000 1046 1084 1129 apud

78 1133 236 1217 populum
258 1133 441 1198 Romanum
469 1133 657 1198 criminatus
685 1137 735 1198 est
763 1134 886 1198 bellum
912 1133 1007 1197 illum
1030 1133 1084 1198 du·

79 1242 164 1304 cere3
182 1221 211 1285 si
229 1242 264 1284 se
282 1222 445 1286 consulem
460 1221 621 1305 fecissent,
640 1221 731 1287 brevi
744 1225 890 1307 tempore
904 1224 961 1285 aut
974 1220 1084 1286 vivum

80 1312 136 1372 aut
158 1312 323 1373 mortuum
340 1309 534 1395 Iugurtham
557 1331 591 1373 se
614 1309 649 1373 in
670 1313 869 1394 potestatem
890 1308 1004 1394 populi
1021 1308 1085 1374 Ro·

80 1397 167 1460 mani
181 1397 393 1461 redacturum.
425 1396 540 1481 ltaque
555 1397 662 1461 factus
681 1401 731 1462 est
749 1397 806 1461 ille
820 1396 948 1481 quidem
963 1397 1084 1479 consul,

32 1562 36 1569 1
80 1485 135 1548 sed
159 1507 178 1548 a
200 1485 262 1548 fide
284 1485 473 1568 iustitiaque
497 1485 658 1568 discessit,
686 1484 742 1569 qui
769 1485 929 1569 optimum
957 1488 989 1548 ct
1013 1506 1084 1570 gra-

78 1572 248 1636 vissimum
271 1574 381 1656 civem,
405 1573 494 1637 cuius
518 1573 646 1658 legatus
670 1576 702 1637 et
725 1595 746 1638 a
768 1595 831 1656 quo
853 1573 971 1637 missus
991 1576 1084 1656 esset,

78 1660 114 1724 in
134 1660 289 1725 invidiam
315 1660 401 1725 falso
429 1660 561 1726 erimine
589 1661 766 1725 adduxerit.
801 1658 853 1725 Ne
879 1664 991 1725 noster
1016 1660 1084 1744 qui·
1102 1677 1137 1728 80

79 1748 151 1812 dem
166 1746 374 1813 Gratidianus
394 1747 500 1813 officio
518 1748 581 1812 viri
598 1748 676 1814 boni
693 1748 823 1813 functus
842 1752 893 1813 est
911 1751 991 1832 tum,
1011 1770 1084 1813 cum

78 1839 209 1920 praetor
241 1840 326 1901 esset
357 1836 593 1922 collegiumque
619 1836 819 1921 praetorium
846 1836 970 1901 tribuni
995 1835 1085 1920 plebi

79 1922 315 2008 adhibuissent,
338 1926 375 1988 ut
397 1945 448 1988 res
470 1925 653 1989 nummaria
676 1924 715 1988 de
737 1924 900 1990 communi
923 1924 1085 1989 sententia

79 2011 343 2096 constitueretur,
366 2011 550 2076 iactabatur
573 2012 659 2077 enim
681 2012 882 2096 temporibus
905 2012 972 2076 illia
994 2033 1085 2076 num·

79 2120 151 2163 mus
179 2099 237 2182 sic,
264 2103 302 2163 ut
327 2122 422 2164 nemo
448 2104 560 2184 posset
587 2100 681 2184 scire,
710 2100 788 2184 quid
814 2098 957 2166 haberet.
1003 2098 1085 2165 Oen-

80 2187 278 2271 scripserunt
301 2188 514 2252 communiter
537 2187 677 2254 edietum
699 2210 772 2254 cum
795 2210 900 2272 poena
918 2191 1015 2272 atque
1038 2188 1084 2252 iu·

80 2274 162 2339 dicio
186 2275 495 2360 constitueruntque,
516 2279 554 2346 ut
577 2297 688 2340 omnes
712 2276 808 2340 simul
830 2275 865 2340 in
883 2279 992 2340 rostra
1008 2279 1084 2360 post

79 2362 247 2427 meridiem
278 2364 493 2429 escenderent.
536 2363 583 2428 Et
609 2363 706 2428 ceteri
733 2363 863 2447 quidem
895 2363 978 2429 alius
1010 2363 1085 2447 alio,

78 2450 201 2515 Marius
225 2451 266 2515 ab
290 2451 453 2516 subselliis
475 2452 510 2515 in
532 2454 641 2517 rostra
662 2454 751 2516 reeta
768 2451 873 2535 idque,
896 2451 983 2534 quod
1000 2472 1084 2516 com-

79 2539 220 2603 muniter
243 2540 458 2623 compositum
480 2539 601 2622 fuerat,
630 2539 719 2603 solus
743 2539 850 2603 edixit.
895 2537 940 2602 Et
963 2559 1001 2603 ea
1024 2559 1085 2622 res,

79 2627 107 2691 si
130 2626 272 2711 quaeris,
300 2627 330 2690 ei
357 2648 475 2712 magno
503 2626 620 2691 honori
641 2626 718 2708 fuit3
746 2626 895 2690 omnibus
917 2625 997 2691 vicis
1021 2629 1084 2690 sta

77 2717 167 2798 tuae,
195 2714 313 2779 adeas
340 2718 407 2798 tus,
434 2714 530 2798 cerei,
557 2714 634 2797 quid
657 2714 782 2778 multa‘?
811 2734 906 2777 nemo
930 2733 1084 2796 umquam

77 2802 279 2866 multitudini
300 2802 364 2867 fuit
391 2803 503 2868 carior.
547 2800 637 2866 Haec
664 2805 754 2885 sunt,
782 2822 864 2886 quae
892 2799 1085 2865 conturbent
1103 2815 1136 2865 81

77 2889 113 2953 in
137 2890 367 2955 deliberatione
389 2913 456 2955 non
473 2911 663 2974 numquam,
685 2910 758 2953 cum
780 2888 827 2973 id,
849 2888 883 2952 in
902 2909 965 2972 quo
987 2887 1085 2952 viola-

77 2981 133 3041 tur
157 2978 316 3062 aequitas,
339 3000 405 3043 non
427 2979 475 3042 ita
497 2998 664 3063 magnum,
687 2977 769 3042 illud
792 2980 847 3041 aut
849 2997 913 3059 em,
937 2975 1023 3060 quod
1046 2997 1085 3039 ex

77 3067 280 3239 ddllldgidluel'
294 3065 762 3239 tiilidirisgnpildbdipldirirlbrem
768 3064 1085 3239 {pptpapraeplipeipp

77 3244 183 3326 turpe,
205 3242 369 3307 consulem
394 3243 435 3307 ob
459 3263 530 3306 eam
548 3262 617 3305 rem
635 3241 714 3323 fieri,
738 3241 824 3324 quod
842 3239 906 3305 sibi
923 3243 994 3303 tum
1012 3262 1085 3323 pro·

61 3333 241 3413 posuerat,
218 3329 417 3395 tvaldet
380 3353 402 3394 u
403 3330 461 3394 tile
484 3328 615 3395 videbat
617 3351 663 3393 ur.
699 3326 762 3392 Sed
785 3327 929 3392 omnium
951 3349 1015 3391 una
1038 3349 1085 3392 re-

78 3417 156 3501 gula
180 3420 239 3500 est,
262 3421 397 3500 quamt
383 3418 444 3482 tibi
467 3417 561 3501 cupio
586 3438 656 3482 esse
677 3416 893 3500 notissimam,
916 3419 972 3480 aut
994 3415 1085 3499 illud,

77 3503 165 3589 quod
187 3504 268 3569 utile
291 3505 431 3590 videtur,
453 3509 548 3590 turpe
570 3525 611 3569 ne
634 3504 679 3569 sit
702 3507 771 3589 aut,
795 3505 823 3568 si
845 3507 941 3589 turpe
964 3506 1022 3589 est,
1044 3523 1085 3568 ne
1133 3420 1168 3687 ⁴
