<?xml version="1.0" encoding="UTF-8"?>
<!DOCTYPE html PUBLIC "-//W3C//DTD XHTML 1.0 Transitional//EN"
    "http://www.w3.org/TR/xhtml1/DTD/xhtml1-transitional.dtd">
<html xmlns="http://www.w3.org/1999/xhtml" xml:lang="en" lang="en">
 <head>
  <title>
</title>
<meta http-equiv="Content-Type" content="text/html;charset=utf-8" />
  <meta name='ocr-system' content='tesseract 3.04.00' />
  <meta name='ocr-capabilities' content='ocr_page ocr_carea ocr_par ocr_line ocrx_word'/>
</head>
<body>
  <div class='ocr_page' id='page_1' title='image "./cicerosphilosop00cicegoog_0208.png"; bbox 0 0 2446 3944; ppageno 0'>
   <div class='ocr_carea' id='block_1_1' title="bbox 531 189 771 255">
    <p class='ocr_par' dir='ltr' id='par_1_1' title="bbox 531 189 771 255">
     <span class='ocr_line' id='line_1_1' title="bbox 531 189 771 255; baseline 0.008 -3"><span class='ocrx_word' id='word_1_1' title='bbox 531 189 771 255; x_wconf 79' lang='lat'>-192-</span> 
     </span>
    </p>
   </div>
   <div class='ocr_carea' id='block_1_2' title="bbox 102 337 1164 3493">
    <p class='ocr_par' dir='ltr' id='par_1_2' title="bbox 102 337 1164 3493">
     <span class='ocr_line' id='line_1_2' title="bbox 152 337 1158 424; baseline -0.004 -18"><span class='ocrx_word' id='word_1_2' title='bbox 152 342 227 406; x_wconf 92' lang='lat' dir='ltr'>dam</span> <span class='ocrx_word' id='word_1_3' title='bbox 244 340 416 424; x_wconf 71' lang='lat' dir='ltr'>pertinent,</span> <span class='ocrx_word' id='word_1_4' title='bbox 434 338 555 423; x_wconf 84' lang='lat' dir='ltr'>partim</span> <span class='ocrx_word' id='word_1_5' title='bbox 574 340 650 402; x_wconf 89' lang='lat' dir='ltr'>sunt</span> <span class='ocrx_word' id='word_1_6' title='bbox 667 337 820 422; x_wconf 86' lang='lat' dir='ltr'>inanima,</span> <span class='ocrx_word' id='word_1_7' title='bbox 842 341 880 402; x_wconf 94' lang='lat' dir='ltr'>ut</span> <span class='ocrx_word' id='word_1_8' title='bbox 898 359 1021 422; x_wconf 91' lang='lat' dir='ltr'>aurum,</span> <span class='ocrx_word' id='word_1_9' title='bbox 1045 358 1158 423; x_wconf 81' lang='lat' dir='ltr'>argen-</span> 
     </span>
     <span class='ocr_line' id='line_1_3' title="bbox 152 426 1158 511; baseline -0.004 -18"><span class='ocrx_word' id='word_1_10' title='bbox 152 433 236 511; x_wconf 91' lang='lat' dir='ltr'>tum,</span> <span class='ocrx_word' id='word_1_11' title='bbox 258 430 296 491; x_wconf 92' lang='lat' dir='ltr'>ut</span> <span class='ocrx_word' id='word_1_12' title='bbox 318 449 370 510; x_wconf 90' lang='lat' dir='ltr'>ea,</span> <span class='ocrx_word' id='word_1_13' title='bbox 396 447 478 510; x_wconf 89' lang='lat' dir='ltr'>quae</span> <span class='ocrx_word' id='word_1_14' title='bbox 502 426 681 510; x_wconf 86' lang='lat' dir='ltr'>gignuntur</span> <span class='ocrx_word' id='word_1_15' title='bbox 704 428 846 508; x_wconf 91' lang='lat' dir='ltr'>eterra,</span> <span class='ocrx_word' id='word_1_16' title='bbox 872 428 910 489; x_wconf 91' lang='lat' dir='ltr'>ut</span> <span class='ocrx_word' id='word_1_17' title='bbox 937 426 1002 490; x_wconf 89' lang='lat' dir='ltr'>alia</span> <span class='ocrx_word' id='word_1_18' title='bbox 1029 426 1158 511; x_wconf 81' lang='lat' dir='ltr'>generis</span> 
     </span>
     <span class='ocr_line' id='line_1_4' title="bbox 152 513 1159 600; baseline -0.003 -20"><span class='ocrx_word' id='word_1_19' title='bbox 152 517 307 599; x_wconf 86' lang='lat' dir='ltr'>eiusdem,</span> <span class='ocrx_word' id='word_1_20' title='bbox 329 515 450 600; x_wconf 84' lang='lat' dir='ltr'>partim</span> <span class='ocrx_word' id='word_1_21' title='bbox 474 513 641 597; x_wconf 87' lang='lat' dir='ltr'>animalia,</span> <span class='ocrx_word' id='word_1_22' title='bbox 668 535 750 598; x_wconf 91' lang='lat' dir='ltr'>quae</span> <span class='ocrx_word' id='word_1_23' title='bbox 773 513 895 577; x_wconf 92' lang='lat' dir='ltr'>habent</span> <span class='ocrx_word' id='word_1_24' title='bbox 918 534 994 578; x_wconf 93' lang='lat' dir='ltr'>suos</span> <span class='ocrx_word' id='word_1_25' title='bbox 1016 514 1159 598; x_wconf 89' lang='lat' dir='ltr'>impetus</span> 
     </span>
     <span class='ocr_line' id='line_1_5' title="bbox 153 601 1158 687; baseline -0.003 -19"><span class='ocrx_word' id='word_1_26' title='bbox 153 607 185 668; x_wconf 90' lang='lat' dir='ltr'>et</span> <span class='ocrx_word' id='word_1_27' title='bbox 198 625 307 668; x_wconf 89' lang='lat' dir='ltr'>rerum</span> <span class='ocrx_word' id='word_1_28' title='bbox 321 602 493 687; x_wconf 88' lang='lat' dir='ltr'>appetitus.</span> <span class='ocrx_word' id='word_1_29' title='bbox 524 601 647 665; x_wconf 83' lang='lat' dir='ltr'>Eorum</span> <span class='ocrx_word' id='word_1_30' title='bbox 661 604 770 665; x_wconf 88' lang='lat' dir='ltr'>autem</span> <span class='ocrx_word' id='word_1_31' title='bbox 784 601 998 666; x_wconf 75' lang='lat' dir='ltr'>alterationis</span> <span class='ocrx_word' id='word_1_32' title='bbox 1014 601 1158 685; x_wconf 74' lang='lat' dir='ltr'>expertia</span> 
     </span>
     <span class='ocr_line' id='line_1_6' title="bbox 153 688 1159 775; baseline -0.004 -19"><span class='ocrx_word' id='word_1_33' title='bbox 153 695 238 775; x_wconf 91' lang='lat' dir='ltr'>sunt,</span> <span class='ocrx_word' id='word_1_34' title='bbox 256 690 321 755; x_wconf 90' lang='lat' dir='ltr'>alia</span> <span class='ocrx_word' id='word_1_35' title='bbox 333 690 460 754; x_wconf 87' lang='lat' dir='ltr'>ratione</span> <span class='ocrx_word' id='word_1_36' title='bbox 473 689 612 772; x_wconf 81' lang='lat' dir='ltr'>utentia3</span> <span class='ocrx_word' id='word_1_37' title='bbox 630 691 778 773; x_wconf 85' lang='lat' dir='ltr'>expertes</span> <span class='ocrx_word' id='word_1_38' title='bbox 792 689 928 752; x_wconf 89' lang='lat' dir='ltr'>rationis</span> <span class='ocrx_word' id='word_1_39' title='bbox 947 688 1030 772; x_wconf 90' lang='lat' dir='ltr'>equi,</span> <span class='ocrx_word' id='word_1_40' title='bbox 1049 690 1159 771; x_wconf 89' lang='lat' dir='ltr'>boves,</span> 
     </span>
     <span class='ocr_line' id='line_1_7' title="bbox 152 775 1160 862; baseline -0.003 -19"><span class='ocrx_word' id='word_1_41' title='bbox 152 780 295 862; x_wconf 87' lang='lat' dir='ltr'>reliquae</span> <span class='ocrx_word' id='word_1_42' title='bbox 313 777 459 862; x_wconf 89' lang='lat' dir='ltr'>pecudes,</span> <span class='ocrx_word' id='word_1_43' title='bbox 479 779 591 861; x_wconf 88' lang='lat' dir='ltr'>[apes,]</span> <span class='ocrx_word' id='word_1_44' title='bbox 612 798 748 860; x_wconf 90' lang='lat' dir='ltr'>quarum</span> <span class='ocrx_word' id='word_1_45' title='bbox 767 798 863 860; x_wconf 92' lang='lat' dir='ltr'>opere</span> <span class='ocrx_word' id='word_1_46' title='bbox 882 775 1021 841; x_wconf 87' lang='lat' dir='ltr'>efficitur</span> <span class='ocrx_word' id='word_1_47' title='bbox 1035 776 1160 860; x_wconf 89' lang='lat' dir='ltr'>aliquid</span> 
     </span>
     <span class='ocr_line' id='line_1_8' title="bbox 153 864 1159 947; baseline -0.004 -16"><span class='ocrx_word' id='word_1_48' title='bbox 153 867 194 932; x_wconf 93' lang='lat' dir='ltr'>ad</span> <span class='ocrx_word' id='word_1_49' title='bbox 217 888 311 930; x_wconf 88' lang='lat' dir='ltr'>usum</span> <span class='ocrx_word' id='word_1_50' title='bbox 333 865 501 930; x_wconf 90' lang='lat' dir='ltr'>hominum</span> <span class='ocrx_word' id='word_1_51' title='bbox 524 867 621 947; x_wconf 89' lang='lat' dir='ltr'>atque</span> <span class='ocrx_word' id='word_1_52' title='bbox 643 864 760 946; x_wconf 83' lang='lat' dir='ltr'>vitam3</span> <span class='ocrx_word' id='word_1_53' title='bbox 788 864 914 934; x_wconf 86' lang='lat' dir='ltr'>ratione</span> <span class='ocrx_word' id='word_1_54' title='bbox 937 868 1046 929; x_wconf 89' lang='lat' dir='ltr'>autem</span> <span class='ocrx_word' id='word_1_55' title='bbox 1068 867 1159 928; x_wconf 90' lang='lat' dir='ltr'>uten-</span> 
     </span>
     <span class='ocr_line' id='line_1_9' title="bbox 152 952 1160 1038; baseline -0.001 -20"><span class='ocrx_word' id='word_1_56' title='bbox 152 955 235 1019; x_wconf 87' lang='lat' dir='ltr'>tium</span> <span class='ocrx_word' id='word_1_57' title='bbox 259 953 321 1018; x_wconf 91' lang='lat' dir='ltr'>duo</span> <span class='ocrx_word' id='word_1_58' title='bbox 345 973 464 1038; x_wconf 82' lang='lat' dir='ltr'>genera</span> <span class='ocrx_word' id='word_1_59' title='bbox 485 955 624 1037; x_wconf 89' lang='lat' dir='ltr'>ponunt,</span> <span class='ocrx_word' id='word_1_60' title='bbox 652 952 784 1016; x_wconf 88' lang='lat' dir='ltr'>deorum</span> <span class='ocrx_word' id='word_1_61' title='bbox 807 974 920 1035; x_wconf 92' lang='lat' dir='ltr'>unum,</span> <span class='ocrx_word' id='word_1_62' title='bbox 942 954 1081 1017; x_wconf 90' lang='lat' dir='ltr'>alterum</span> <span class='ocrx_word' id='word_1_63' title='bbox 1103 952 1160 1017; x_wconf 93' lang='lat' dir='ltr'>ho-</span> 
     </span>
     <span class='ocr_line' id='line_1_10' title="bbox 153 1039 1160 1124; baseline -0.002 -18"><span class='ocrx_word' id='word_1_64' title='bbox 153 1043 285 1106; x_wconf 87' lang='lat' dir='ltr'>minum.</span> <span class='ocrx_word' id='word_1_65' title='bbox 338 1040 425 1105; x_wconf 85' lang='lat' dir='ltr'>Deos</span> <span class='ocrx_word' id='word_1_66' title='bbox 456 1040 603 1124; x_wconf 89' lang='lat' dir='ltr'>placatos</span> <span class='ocrx_word' id='word_1_67' title='bbox 634 1039 739 1124; x_wconf 83' lang='lat' dir='ltr'>pietas</span> <span class='ocrx_word' id='word_1_68' title='bbox 771 1039 889 1104; x_wconf 86' lang='lat' dir='ltr'>efficiet</span> <span class='ocrx_word' id='word_1_69' title='bbox 923 1043 957 1103; x_wconf 90' lang='lat' dir='ltr'>et</span> <span class='ocrx_word' id='word_1_70' title='bbox 992 1039 1160 1124; x_wconf 82' lang='lat' dir='ltr'>sanctitas,</span> 
     </span>
     <span class='ocr_line' id='line_1_11' title="bbox 153 1126 1159 1215; baseline -0.001 -22"><span class='ocrx_word' id='word_1_71' title='bbox 153 1131 298 1215; x_wconf 86' lang='lat' dir='ltr'>proxime</span> <span class='ocrx_word' id='word_1_72' title='bbox 322 1131 431 1193; x_wconf 89' lang='lat' dir='ltr'>autem</span> <span class='ocrx_word' id='word_1_73' title='bbox 454 1131 487 1192; x_wconf 92' lang='lat' dir='ltr'>et</span> <span class='ocrx_word' id='word_1_74' title='bbox 506 1126 681 1192; x_wconf 87' lang='lat' dir='ltr'>secundum</span> <span class='ocrx_word' id='word_1_75' title='bbox 704 1127 779 1192; x_wconf 93' lang='lat' dir='ltr'>deos</span> <span class='ocrx_word' id='word_1_76' title='bbox 802 1126 949 1192; x_wconf 89' lang='lat' dir='ltr'>homines</span> <span class='ocrx_word' id='word_1_77' title='bbox 972 1127 1159 1192; x_wconf 88' lang='lat' dir='ltr'>hominibus</span> 
     </span>
     <span class='ocr_line' id='line_1_12' title="bbox 102 1213 1160 1299; baseline -0.001 -19"><span class='ocrx_word' id='word_1_78' title='bbox 102 1233 135 1281; x_wconf 75' lang='lat'>12</span> <span class='ocrx_word' id='word_1_79' title='bbox 153 1238 302 1282; x_wconf 79' lang='lat' dir='ltr'>maxume</span> <span class='ocrx_word' id='word_1_80' title='bbox 324 1216 421 1280; x_wconf 91' lang='lat' dir='ltr'>utiles</span> <span class='ocrx_word' id='word_1_81' title='bbox 445 1237 515 1279; x_wconf 88' lang='lat' dir='ltr'>esse</span> <span class='ocrx_word' id='word_1_82' title='bbox 537 1218 683 1298; x_wconf 88' lang='lat' dir='ltr'>possunt.</span> <span class='ocrx_word' id='word_1_83' title='bbox 727 1213 912 1298; x_wconf 84' lang='lat' dir='ltr'>Earumque</span> <span class='ocrx_word' id='word_1_84' title='bbox 939 1215 1019 1279; x_wconf 91' lang='lat' dir='ltr'>item</span> <span class='ocrx_word' id='word_1_85' title='bbox 1041 1237 1160 1299; x_wconf 90' lang='lat' dir='ltr'>rerum,</span> 
     </span>
     <span class='ocr_line' id='line_1_13' title="bbox 154 1301 1161 1389; baseline -0.001 -20"><span class='ocrx_word' id='word_1_86' title='bbox 154 1327 236 1389; x_wconf 86' lang='lat' dir='ltr'>quae</span> <span class='ocrx_word' id='word_1_87' title='bbox 258 1307 396 1369; x_wconf 89' lang='lat' dir='ltr'>noceant</span> <span class='ocrx_word' id='word_1_88' title='bbox 424 1306 456 1367; x_wconf 89' lang='lat' dir='ltr'>et</span> <span class='ocrx_word' id='word_1_89' title='bbox 484 1303 606 1386; x_wconf 91' lang='lat' dir='ltr'>obsint,</span> <span class='ocrx_word' id='word_1_90' title='bbox 634 1302 745 1367; x_wconf 90' lang='lat' dir='ltr'>eadem</span> <span class='ocrx_word' id='word_1_91' title='bbox 768 1303 874 1367; x_wconf 88' lang='lat' dir='ltr'>diviso·</span> <span class='ocrx_word' id='word_1_92' title='bbox 895 1308 952 1367; x_wconf 88' lang='lat' dir='ltr'>est.</span> <span class='ocrx_word' id='word_1_93' title='bbox 998 1301 1060 1368; x_wconf 84' lang='lat' dir='ltr'>Sed</span> <span class='ocrx_word' id='word_1_94' title='bbox 1077 1304 1161 1387; x_wconf 88' lang='lat' dir='ltr'>·quia</span> 
     </span>
     <span class='ocr_line' id='line_1_14' title="bbox 154 1389 1161 1476; baseline -0.002 -19"><span class='ocrx_word' id='word_1_95' title='bbox 154 1393 230 1457; x_wconf 92' lang='lat' dir='ltr'>deos</span> <span class='ocrx_word' id='word_1_96' title='bbox 252 1414 367 1457; x_wconf 89' lang='lat' dir='ltr'>nocere</span> <span class='ocrx_word' id='word_1_97' title='bbox 389 1412 456 1456; x_wconf 91' lang='lat' dir='ltr'>non</span> <span class='ocrx_word' id='word_1_98' title='bbox 477 1393 604 1476; x_wconf 89' lang='lat' dir='ltr'>putant,</span> <span class='ocrx_word' id='word_1_99' title='bbox 625 1389 666 1454; x_wconf 91' lang='lat' dir='ltr'>iis</span> <span class='ocrx_word' id='word_1_100' title='bbox 690 1390 830 1474; x_wconf 89' lang='lat' dir='ltr'>exceptis</span> <span class='ocrx_word' id='word_1_101' title='bbox 853 1390 1000 1455; x_wconf 86' lang='lat' dir='ltr'>homines</span> <span class='ocrx_word' id='word_1_102' title='bbox 1022 1390 1161 1456; x_wconf 89' lang='lat' dir='ltr'>homini-</span> 
     </span>
     <span class='ocr_line' id='line_1_15' title="bbox 153 1477 1160 1564; baseline -0.002 -19"><span class='ocrx_word' id='word_1_103' title='bbox 153 1481 215 1545; x_wconf 92' lang='lat' dir='ltr'>bus</span> <span class='ocrx_word' id='word_1_104' title='bbox 234 1481 347 1545; x_wconf 90' lang='lat' dir='ltr'>obesse</span> <span class='ocrx_word' id='word_1_105' title='bbox 365 1479 542 1564; x_wconf 90' lang='lat' dir='ltr'>plurimum</span> <span class='ocrx_word' id='word_1_106' title='bbox 560 1477 769 1542; x_wconf 89' lang='lat' dir='ltr'>arbitrantur.</span> <span class='ocrx_word' id='word_1_107' title='bbox 800 1478 851 1542; x_wconf 86' lang='lat' dir='ltr'>Ea</span> <span class='ocrx_word' id='word_1_108' title='bbox 869 1478 954 1542; x_wconf 91' lang='lat' dir='ltr'>enim</span> <span class='ocrx_word' id='word_1_109' title='bbox 972 1479 1053 1563; x_wconf 90' lang='lat' dir='ltr'>ipsa,</span> <span class='ocrx_word' id='word_1_110' title='bbox 1077 1501 1160 1562; x_wconf 90' lang='lat' dir='ltr'>quae</span> 
     </span>
     <span class='ocr_line' id='line_1_16' title="bbox 153 1565 1159 1651; baseline -0.002 -19"><span class='ocrx_word' id='word_1_111' title='bbox 153 1569 298 1632; x_wconf 91' lang='lat' dir='ltr'>inanima</span> <span class='ocrx_word' id='word_1_112' title='bbox 311 1567 458 1651; x_wconf 85' lang='lat' dir='ltr'>diximus,</span> <span class='ocrx_word' id='word_1_113' title='bbox 471 1566 625 1651; x_wconf 90' lang='lat' dir='ltr'>pleraque</span> <span class='ocrx_word' id='word_1_114' title='bbox 640 1570 715 1629; x_wconf 90' lang='lat' dir='ltr'>sunt</span> <span class='ocrx_word' id='word_1_115' title='bbox 728 1565 896 1630; x_wconf 91' lang='lat' dir='ltr'>hominum</span> <span class='ocrx_word' id='word_1_116' title='bbox 910 1568 1017 1651; x_wconf 91' lang='lat' dir='ltr'>operis</span> <span class='ocrx_word' id='word_1_117' title='bbox 1031 1567 1159 1651; x_wconf 68' lang='lat' dir='ltr'>effecta,</span> 
     </span>
     <span class='ocr_line' id='line_1_17' title="bbox 155 1654 1160 1740; baseline -0.002 -20"><span class='ocrx_word' id='word_1_118' title='bbox 155 1678 237 1740; x_wconf 91' lang='lat' dir='ltr'>quae</span> <span class='ocrx_word' id='word_1_119' title='bbox 263 1677 323 1720; x_wconf 90' lang='lat' dir='ltr'>nec</span> <span class='ocrx_word' id='word_1_120' title='bbox 348 1654 555 1738; x_wconf 85' lang='lat' dir='ltr'>haberemus,</span> <span class='ocrx_word' id='word_1_121' title='bbox 586 1654 650 1717; x_wconf 93' lang='lat' dir='ltr'>nisi</span> <span class='ocrx_word' id='word_1_122' title='bbox 677 1675 792 1717; x_wconf 89' lang='lat' dir='ltr'>manus</span> <span class='ocrx_word' id='word_1_123' title='bbox 820 1656 853 1717; x_wconf 94' lang='lat' dir='ltr'>et</span> <span class='ocrx_word' id='word_1_124' title='bbox 881 1676 933 1718; x_wconf 88' lang='lat' dir='ltr'>ars</span> <span class='ocrx_word' id='word_1_125' title='bbox 962 1654 1160 1738; x_wconf 78' lang='lat' dir='ltr'>accessisset,</span> 
     </span>
     <span class='ocr_line' id='line_1_18' title="bbox 153 1740 1160 1808; baseline -0.001 -1"><span class='ocrx_word' id='word_1_126' title='bbox 153 1765 212 1808; x_wconf 92' lang='lat' dir='ltr'>nec</span> <span class='ocrx_word' id='word_1_127' title='bbox 234 1743 275 1806; x_wconf 91' lang='lat' dir='ltr'>iis</span> <span class='ocrx_word' id='word_1_128' title='bbox 299 1742 367 1806; x_wconf 89' lang='lat' dir='ltr'>sine</span> <span class='ocrx_word' id='word_1_129' title='bbox 389 1741 558 1806; x_wconf 91' lang='lat' dir='ltr'>hominum</span> <span class='ocrx_word' id='word_1_130' title='bbox 581 1740 859 1806; x_wconf 85' lang='lat' dir='ltr'>administratione</span> <span class='ocrx_word' id='word_1_131' title='bbox 884 1745 1056 1806; x_wconf 90' lang='lat' dir='ltr'>uteremur.</span> <span class='ocrx_word' id='word_1_132' title='bbox 1096 1741 1160 1806; x_wconf 91' lang='lat' dir='ltr'>Ne·</span> 
     </span>
     <span class='ocr_line' id='line_1_19' title="bbox 155 1828 1160 1915; baseline 0 -21"><span class='ocrx_word' id='word_1_133' title='bbox 155 1853 217 1914; x_wconf 90' lang='lat' dir='ltr'>que</span> <span class='ocrx_word' id='word_1_134' title='bbox 244 1829 330 1894; x_wconf 92' lang='lat' dir='ltr'>enim</span> <span class='ocrx_word' id='word_1_135' title='bbox 355 1829 550 1894; x_wconf 86' lang='lat' dir='ltr'>valetudinis</span> <span class='ocrx_word' id='word_1_136' title='bbox 577 1828 701 1894; x_wconf 92' lang='lat' dir='ltr'>curatio</span> <span class='ocrx_word' id='word_1_137' title='bbox 727 1851 831 1912; x_wconf 89' lang='lat' dir='ltr'>neque</span> <span class='ocrx_word' id='word_1_138' title='bbox 862 1829 1029 1915; x_wconf 82' lang='lat' dir='ltr'>navigatio</span> <span class='ocrx_word' id='word_1_139' title='bbox 1056 1852 1160 1913; x_wconf 89' lang='lat' dir='ltr'>neque</span> 
     </span>
     <span class='ocr_line' id='line_1_20' title="bbox 155 1915 1160 2003; baseline 0 -21"><span class='ocrx_word' id='word_1_140' title='bbox 155 1917 228 2003; x_wconf 81' lang='lat' dir='ltr'>agri</span> <span class='ocrx_word' id='word_1_141' title='bbox 254 1917 382 1981; x_wconf 91' lang='lat' dir='ltr'>cultura</span> <span class='ocrx_word' id='word_1_142' title='bbox 407 1939 510 2000; x_wconf 89' lang='lat' dir='ltr'>neque</span> <span class='ocrx_word' id='word_1_143' title='bbox 539 1916 671 2001; x_wconf 81' lang='lat' dir='ltr'>frugum</span> <span class='ocrx_word' id='word_1_144' title='bbox 702 1915 929 2001; x_wconf 85' lang='lat' dir='ltr'>fructuumque</span> <span class='ocrx_word' id='word_1_145' title='bbox 960 1917 1160 2001; x_wconf 91' lang='lat' dir='ltr'>reliquorum</span> 
     </span>
     <span class='ocr_line' id='line_1_21' title="bbox 155 2003 1159 2090; baseline 0.001 -21"><span class='ocrx_word' id='word_1_146' title='bbox 155 2003 319 2090; x_wconf 89' lang='lat' dir='ltr'>perceptio</span> <span class='ocrx_word' id='word_1_147' title='bbox 339 2008 372 2067; x_wconf 95' lang='lat' dir='ltr'>et</span> <span class='ocrx_word' id='word_1_148' title='bbox 390 2004 591 2068; x_wconf 86' lang='lat' dir='ltr'>conservatio</span> <span class='ocrx_word' id='word_1_149' title='bbox 611 2004 679 2067; x_wconf 91' lang='lat' dir='ltr'>sine</span> <span class='ocrx_word' id='word_1_150' title='bbox 697 2003 865 2068; x_wconf 91' lang='lat' dir='ltr'>hominum</span> <span class='ocrx_word' id='word_1_151' title='bbox 884 2026 982 2089; x_wconf 89' lang='lat' dir='ltr'>opera</span> <span class='ocrx_word' id='word_1_152' title='bbox 1002 2006 1071 2069; x_wconf 87' lang='lat' dir='ltr'>ulla</span> <span class='ocrx_word' id='word_1_153' title='bbox 1089 2027 1159 2070; x_wconf 90' lang='lat' dir='ltr'>esse</span> 
     </span>
     <span class='ocr_line' id='line_1_22' title="bbox 104 2090 1160 2176; baseline 0.002 -21"><span class='ocrx_word' id='word_1_154' title='bbox 104 2108 136 2156; x_wconf 85' lang='lat'>13</span> <span class='ocrx_word' id='word_1_155' title='bbox 155 2092 325 2176; x_wconf 89' lang='lat' dir='ltr'>potuisset.</span> <span class='ocrx_word' id='word_1_156' title='bbox 368 2090 440 2155; x_wconf 92' lang='lat' dir='ltr'>Iam</span> <span class='ocrx_word' id='word_1_157' title='bbox 466 2112 542 2156; x_wconf 86' lang='lat' dir='ltr'>vero</span> <span class='ocrx_word' id='word_1_158' title='bbox 570 2094 603 2155; x_wconf 89' lang='lat' dir='ltr'>et</span> <span class='ocrx_word' id='word_1_159' title='bbox 630 2112 740 2155; x_wconf 89' lang='lat' dir='ltr'>earum</span> <span class='ocrx_word' id='word_1_160' title='bbox 766 2113 888 2176; x_wconf 90' lang='lat' dir='ltr'>rerum,</span> <span class='ocrx_word' id='word_1_161' title='bbox 917 2093 1034 2176; x_wconf 90' lang='lat' dir='ltr'>quibus</span> <span class='ocrx_word' id='word_1_162' title='bbox 1062 2093 1160 2157; x_wconf 89' lang='lat' dir='ltr'>abun-</span> 
     </span>
     <span class='ocr_line' id='line_1_23' title="bbox 157 2179 1160 2266; baseline 0.001 -22"><span class='ocrx_word' id='word_1_163' title='bbox 157 2180 318 2262; x_wconf 89' lang='lat' dir='ltr'>daremus,</span> <span class='ocrx_word' id='word_1_164' title='bbox 346 2179 529 2263; x_wconf 85' lang='lat' dir='ltr'>exportatio</span> <span class='ocrx_word' id='word_1_165' title='bbox 553 2181 585 2242; x_wconf 90' lang='lat' dir='ltr'>et</span> <span class='ocrx_word' id='word_1_166' title='bbox 608 2200 732 2261; x_wconf 90' lang='lat' dir='ltr'>earum,</span> <span class='ocrx_word' id='word_1_167' title='bbox 762 2179 878 2262; x_wconf 90' lang='lat' dir='ltr'>quibus</span> <span class='ocrx_word' id='word_1_168' title='bbox 906 2201 1085 2266; x_wconf 81' lang='lat' dir='ltr'>egeremus,</span> <span class='ocrx_word' id='word_1_169' title='bbox 1113 2181 1160 2244; x_wconf 93' lang='lat' dir='ltr'>in·</span> 
     </span>
     <span class='ocr_line' id='line_1_24' title="bbox 155 2265 1158 2350; baseline 0 -18"><span class='ocrx_word' id='word_1_170' title='bbox 155 2267 260 2332; x_wconf 82' lang='lat' dir='ltr'>vectio</span> <span class='ocrx_word' id='word_1_171' title='bbox 283 2270 369 2331; x_wconf 88' lang='lat' dir='ltr'>certe</span> <span class='ocrx_word' id='word_1_172' title='bbox 391 2266 482 2330; x_wconf 87' lang='lat' dir='ltr'>nulla</span> <span class='ocrx_word' id='word_1_173' title='bbox 504 2269 604 2350; x_wconf 89' lang='lat' dir='ltr'>esset,</span> <span class='ocrx_word' id='word_1_174' title='bbox 630 2266 694 2329; x_wconf 89' lang='lat' dir='ltr'>nisi</span> <span class='ocrx_word' id='word_1_175' title='bbox 720 2265 772 2329; x_wconf 93' lang='lat' dir='ltr'>his</span> <span class='ocrx_word' id='word_1_176' title='bbox 799 2268 987 2332; x_wconf 88' lang='lat' dir='ltr'>muneribus</span> <span class='ocrx_word' id='word_1_177' title='bbox 1009 2268 1158 2332; x_wconf 88' lang='lat' dir='ltr'>homines</span> 
     </span>
     <span class='ocr_line' id='line_1_25' title="bbox 155 2353 1161 2440; baseline 0.001 -21"><span class='ocrx_word' id='word_1_178' title='bbox 155 2355 375 2439; x_wconf 81' lang='lat' dir='ltr'>fungerentur.</span> <span class='ocrx_word' id='word_1_179' title='bbox 419 2353 605 2437; x_wconf 83' lang='lat' dir='ltr'>Eademque</span> <span class='ocrx_word' id='word_1_180' title='bbox 627 2354 753 2418; x_wconf 89' lang='lat' dir='ltr'>ratione</span> <span class='ocrx_word' id='word_1_181' title='bbox 775 2376 834 2420; x_wconf 93' lang='lat' dir='ltr'>nec</span> <span class='ocrx_word' id='word_1_182' title='bbox 860 2355 984 2440; x_wconf 89' lang='lat' dir='ltr'>lapides</span> <span class='ocrx_word' id='word_1_183' title='bbox 1010 2360 1161 2420; x_wconf 84' lang='lat' dir='ltr'>exterra</span> 
     </span>
     <span class='ocr_line' id='line_1_26' title="bbox 156 2441 1161 2526; baseline -0.002 -19"><span class='ocrx_word' id='word_1_184' title='bbox 156 2442 376 2507; x_wconf 82' lang='lat' dir='ltr'>exciderentur</span> <span class='ocrx_word' id='word_1_185' title='bbox 403 2441 444 2505; x_wconf 89' lang='lat' dir='ltr'>ad</span> <span class='ocrx_word' id='word_1_186' title='bbox 470 2463 565 2505; x_wconf 86' lang='lat' dir='ltr'>usum</span> <span class='ocrx_word' id='word_1_187' title='bbox 590 2445 739 2505; x_wconf 88' lang='lat' dir='ltr'>nostrum</span> <span class='ocrx_word' id='word_1_188' title='bbox 765 2443 952 2526; x_wconf 89' lang='lat' dir='ltr'>necessarii,</span> <span class='ocrx_word' id='word_1_189' title='bbox 982 2463 1042 2507; x_wconf 91' lang='lat' dir='ltr'>nec</span> <span class='ocrx_word' id='word_1_190' title='bbox 1069 2441 1161 2506; x_wconf 71' lang='lat' dir='ltr'>‘fer-</span> 
     </span>
     <span class='ocr_line' id='line_1_27' title="bbox 156 2529 1160 2615; baseline 0.001 -22"><span class='ocrx_word' id='word_1_191' title='bbox 156 2552 251 2612; x_wconf 91' lang='lat' dir='ltr'>rum,</span> <span class='ocrx_word' id='word_1_192' title='bbox 275 2551 352 2612; x_wconf 87' lang='lat' dir='ltr'>aes,</span> <span class='ocrx_word' id='word_1_193' title='bbox 375 2551 520 2613; x_wconf 90' lang='lat' dir='ltr'>aurum,</span> <span class='ocrx_word' id='word_1_194' title='bbox 541 2529 758 2614; x_wconf 84' lang='lat' dir='ltr'>argentum&#39;</span> <span class='ocrx_word' id='word_1_195' title='bbox 778 2531 969 2595; x_wconf 87' lang='lat' dir='ltr'>effoderetur</span> <span class='ocrx_word' id='word_1_196' title='bbox 988 2529 1160 2615; x_wconf 75' lang='lat' dir='ltr'>‘penitus</span> 
     </span>
     <span class='ocr_line' id='line_1_28' title="bbox 107 2616 1161 2702; baseline 0.003 -22"><span class='ocrx_word' id='word_1_197' title='bbox 107 2617 139 2680; x_wconf 93' lang='lat'>·4</span> <span class='ocrx_word' id='word_1_198' title='bbox 159 2616 345 2682; x_wconf 88' lang='lat' dir='ltr'>abditum&#39;</span> <span class='ocrx_word' id='word_1_199' title='bbox 365 2617 433 2681; x_wconf 89' lang='lat' dir='ltr'>sine</span> <span class='ocrx_word' id='word_1_200' title='bbox 451 2617 619 2681; x_wconf 88' lang='lat' dir='ltr'>hominum</span> <span class='ocrx_word' id='word_1_201' title='bbox 637 2618 749 2682; x_wconf 89' lang='lat' dir='ltr'>labore</span> <span class='ocrx_word' id='word_1_202' title='bbox 768 2621 801 2682; x_wconf 92' lang='lat' dir='ltr'>et</span> <span class='ocrx_word' id='word_1_203' title='bbox 819 2641 924 2682; x_wconf 88' lang='lat' dir='ltr'>manu.</span> <span class='ocrx_word' id='word_1_204' title='bbox 957 2617 1056 2683; x_wconf 84' lang='lat' dir='ltr'>Tecta</span> <span class='ocrx_word' id='word_1_205' title='bbox 1073 2640 1161 2702; x_wconf 85' lang='lat' dir='ltr'>vero,</span> 
     </span>
     <span class='ocr_line' id='line_1_29' title="bbox 158 2704 1162 2790; baseline 0 -21"><span class='ocrx_word' id='word_1_206' title='bbox 158 2706 273 2789; x_wconf 88' lang='lat' dir='ltr'>quibus</span> <span class='ocrx_word' id='word_1_207' title='bbox 303 2709 335 2769; x_wconf 88' lang='lat' dir='ltr'>et</span> <span class='ocrx_word' id='word_1_208' title='bbox 361 2704 521 2790; x_wconf 81' lang='lat' dir='ltr'>frigorum</span> <span class='ocrx_word' id='word_1_209' title='bbox 547 2705 597 2770; x_wconf 82' lang='lat' dir='ltr'>vis</span> <span class='ocrx_word' id='word_1_210' title='bbox 624 2706 799 2788; x_wconf 89' lang='lat' dir='ltr'>pelleretur</span> <span class='ocrx_word' id='word_1_211' title='bbox 826 2709 859 2769; x_wconf 90' lang='lat' dir='ltr'>et</span> <span class='ocrx_word' id='word_1_212' title='bbox 888 2706 1031 2770; x_wconf 90' lang='lat' dir='ltr'>calorum</span> <span class='ocrx_word' id='word_1_213' title='bbox 1063 2707 1162 2770; x_wconf 90' lang='lat' dir='ltr'>mole·</span> 
     </span>
     <span class='ocr_line' id='line_1_30' title="bbox 158 2792 1161 2878; baseline -0.002 -20"><span class='ocrx_word' id='word_1_214' title='bbox 158 2793 240 2859; x_wconf 91' lang='lat' dir='ltr'>stiae</span> <span class='ocrx_word' id='word_1_215' title='bbox 263 2794 464 2877; x_wconf 89' lang='lat' dir='ltr'>sedarentur,</span> <span class='ocrx_word' id='word_1_216' title='bbox 490 2792 573 2857; x_wconf 90' lang='lat' dir='ltr'>unde</span> <span class='ocrx_word' id='word_1_217' title='bbox 596 2796 653 2857; x_wconf 86' lang='lat' dir='ltr'>aut</span> <span class='ocrx_word' id='word_1_218' title='bbox 674 2792 769 2857; x_wconf 92' lang='lat' dir='ltr'>initio</span> <span class='ocrx_word' id='word_1_219' title='bbox 793 2794 904 2878; x_wconf 81' lang='lat' dir='ltr'>generi</span> <span class='ocrx_word' id='word_1_220' title='bbox 925 2792 1067 2859; x_wconf 91' lang='lat' dir='ltr'>humano</span> <span class='ocrx_word' id='word_1_221' title='bbox 1091 2793 1161 2857; x_wconf 92' lang='lat' dir='ltr'>dari</span> 
     </span>
     <span class='ocr_line' id='line_1_31' title="bbox 157 2881 1162 2966; baseline -0.001 -21"><span class='ocrx_word' id='word_1_222' title='bbox 157 2882 341 2966; x_wconf 89' lang='lat' dir='ltr'>potuissent</span> <span class='ocrx_word' id='word_1_223' title='bbox 360 2885 416 2945; x_wconf 89' lang='lat' dir='ltr'>aut</span> <span class='ocrx_word' id='word_1_224' title='bbox 438 2883 553 2965; x_wconf 89' lang='lat' dir='ltr'>postea</span> <span class='ocrx_word' id='word_1_225' title='bbox 576 2881 755 2964; x_wconf 84' lang='lat' dir='ltr'>subvenire,</span> <span class='ocrx_word' id='word_1_226' title='bbox 778 2881 807 2944; x_wconf 91' lang='lat' dir='ltr'>si</span> <span class='ocrx_word' id='word_1_227' title='bbox 829 2884 886 2945; x_wconf 91' lang='lat' dir='ltr'>aut</span> <span class='ocrx_word' id='word_1_228' title='bbox 902 2881 936 2945; x_wconf 82' lang='lat' dir='ltr'>vi</span> <span class='ocrx_word' id='word_1_229' title='bbox 956 2882 1162 2966; x_wconf 89' lang='lat' dir='ltr'>tempestatis</span> 
     </span>
     <span class='ocr_line' id='line_1_32' title="bbox 158 2968 1163 3052; baseline 0 -18"><span class='ocrx_word' id='word_1_230' title='bbox 158 2973 215 3046; x_wconf 86' lang='lat' dir='ltr'>aut</span> <span class='ocrx_word' id='word_1_231' title='bbox 237 2974 343 3034; x_wconf 88' lang='lat' dir='ltr'>terrae</span> <span class='ocrx_word' id='word_1_232' title='bbox 366 2971 458 3032; x_wconf 93' lang='lat' dir='ltr'>motu</span> <span class='ocrx_word' id='word_1_233' title='bbox 485 2971 542 3033; x_wconf 90' lang='lat' dir='ltr'>aut</span> <span class='ocrx_word' id='word_1_234' title='bbox 568 2971 732 3033; x_wconf 84' lang='lat' dir='ltr'>vetustate</span> <span class='ocrx_word' id='word_1_235' title='bbox 758 2968 960 3052; x_wconf 89' lang='lat' dir='ltr'>cecidissent,</span> <span class='ocrx_word' id='word_1_236' title='bbox 987 2969 1052 3033; x_wconf 90' lang='lat' dir='ltr'>nisi</span> <span class='ocrx_word' id='word_1_237' title='bbox 1078 2991 1163 3034; x_wconf 92' lang='lat' dir='ltr'>com-</span> 
     </span>
     <span class='ocr_line' id='line_1_33' title="bbox 157 3055 1163 3142; baseline -0.001 -20"><span class='ocrx_word' id='word_1_238' title='bbox 157 3058 264 3123; x_wconf 89' lang='lat' dir='ltr'>munis</span> <span class='ocrx_word' id='word_1_239' title='bbox 287 3057 357 3123; x_wconf 81' lang='lat' dir='ltr'>rita</span> <span class='ocrx_word' id='word_1_240' title='bbox 379 3057 421 3121; x_wconf 89' lang='lat' dir='ltr'>ab</span> <span class='ocrx_word' id='word_1_241' title='bbox 443 3056 628 3121; x_wconf 91' lang='lat' dir='ltr'>hominibus</span> <span class='ocrx_word' id='word_1_242' title='bbox 651 3055 767 3120; x_wconf 91' lang='lat' dir='ltr'>harum</span> <span class='ocrx_word' id='word_1_243' title='bbox 787 3079 895 3121; x_wconf 92' lang='lat' dir='ltr'>rerum</span> <span class='ocrx_word' id='word_1_244' title='bbox 914 3057 1034 3121; x_wconf 87' lang='lat' dir='ltr'>auxilia</span> <span class='ocrx_word' id='word_1_245' title='bbox 1052 3061 1163 3142; x_wconf 89' lang='lat' dir='ltr'>petere</span> 
     </span>
     <span class='ocr_line' id='line_1_34' title="bbox 107 3143 1164 3228; baseline 0.005 -24"><span class='ocrx_word' id='word_1_246' title='bbox 107 3158 140 3204; x_wconf 81' lang='lat'>14</span> <span class='ocrx_word' id='word_1_247' title='bbox 158 3145 342 3210; x_wconf 85' lang='lat' dir='ltr'>didicisset?</span> <span class='ocrx_word' id='word_1_248' title='bbox 373 3143 471 3208; x_wconf 87' lang='lat' dir='ltr'>&#39;Adde</span> <span class='ocrx_word' id='word_1_249' title='bbox 494 3143 607 3208; x_wconf 88' lang='lat' dir='ltr'>ductus</span> <span class='ocrx_word' id='word_1_250' title='bbox 631 3165 797 3228; x_wconf 89' lang='lat' dir='ltr'>aquarum,</span> <span class='ocrx_word' id='word_1_251' title='bbox 822 3144 1036 3210; x_wconf 89' lang='lat' dir='ltr'>derivationes</span> <span class='ocrx_word' id='word_1_252' title='bbox 1059 3145 1164 3209; x_wconf 90' lang='lat' dir='ltr'>flumi-</span> 
     </span>
     <span class='ocr_line' id='line_1_35' title="bbox 157 3231 1163 3317; baseline 0.005 -24"><span class='ocrx_word' id='word_1_253' title='bbox 157 3252 244 3313; x_wconf 91' lang='lat' dir='ltr'>num,</span> <span class='ocrx_word' id='word_1_254' title='bbox 267 3254 420 3316; x_wconf 83' lang='lat' dir='ltr'>agrorum</span> <span class='ocrx_word' id='word_1_255' title='bbox 442 3231 665 3316; x_wconf 81' lang='lat' dir='ltr'>inrigationes,</span> <span class='ocrx_word' id='word_1_256' title='bbox 688 3232 790 3296; x_wconf 89' lang='lat' dir='ltr'>moles</span> <span class='ocrx_word' id='word_1_257' title='bbox 814 3233 981 3317; x_wconf 85' lang='lat' dir='ltr'>oppositas</span> <span class='ocrx_word' id='word_1_258' title='bbox 1001 3233 1163 3317; x_wconf 89' lang='lat' dir='ltr'>fluctibus,</span> 
     </span>
     <span class='ocr_line' id='line_1_36' title="bbox 157 3319 1163 3406; baseline 0.002 -24"><span class='ocrx_word' id='word_1_259' title='bbox 157 3319 272 3402; x_wconf 93' lang='lat' dir='ltr'>portus</span> <span class='ocrx_word' id='word_1_260' title='bbox 294 3320 532 3403; x_wconf 90' lang='lat' dir='ltr'>manufactos,</span> <span class='ocrx_word' id='word_1_261' title='bbox 560 3340 641 3402; x_wconf 88' lang='lat' dir='ltr'>quae</span> <span class='ocrx_word' id='word_1_262' title='bbox 668 3319 751 3384; x_wconf 91' lang='lat' dir='ltr'>unde</span> <span class='ocrx_word' id='word_1_263' title='bbox 780 3320 848 3385; x_wconf 89' lang='lat' dir='ltr'>sine</span> <span class='ocrx_word' id='word_1_264' title='bbox 874 3321 1043 3386; x_wconf 91' lang='lat' dir='ltr'>hominum</span> <span class='ocrx_word' id='word_1_265' title='bbox 1066 3342 1163 3406; x_wconf 89' lang='lat' dir='ltr'>opere</span> 
     </span>
     <span class='ocr_line' id='line_1_37' title="bbox 157 3404 1164 3493; baseline 0.004 -24"><span class='ocrx_word' id='word_1_266' title='bbox 157 3404 278 3469; x_wconf 83' lang='lat' dir='ltr'>habere</span> <span class='ocrx_word' id='word_1_267' title='bbox 308 3408 498 3489; x_wconf 83' lang='lat' dir='ltr'>possemus?</span> <span class='ocrx_word' id='word_1_268' title='bbox 549 3406 600 3472; x_wconf 81' lang='lat' dir='ltr'>Ex</span> <span class='ocrx_word' id='word_1_269' title='bbox 631 3407 748 3490; x_wconf 90' lang='lat' dir='ltr'>quibus</span> <span class='ocrx_word' id='word_1_270' title='bbox 780 3408 956 3493; x_wconf 88' lang='lat' dir='ltr'>multisque</span> <span class='ocrx_word' id='word_1_271' title='bbox 988 3409 1061 3474; x_wconf 91' lang='lat' dir='ltr'>aliis</span> <span class='ocrx_word' id='word_1_272' title='bbox 1093 3430 1164 3493; x_wconf 87' lang='lat' dir='ltr'>per-</span> 
     </span>
    </p>
   </div>
   <div class='ocr_carea' id='block_1_3' title="bbox 52 3478 1165 3703">
    <p class='ocr_par' dir='ltr' id='par_1_3' title="bbox 52 3478 1165 3703">
     <span class='ocr_line' id='line_1_38' title="bbox 52 3478 1165 3703; baseline 0.005 -148"><span class='ocrx_word' id='word_1_273' title='bbox 52 3478 127 3703; x_wconf 43' lang='grc' dir='ltr'>Ὗ</span> <span class='ocrx_word' id='word_1_274' title='bbox 159 3493 306 3577; x_wconf 88' lang='lat' dir='ltr'>spicuum</span> <span class='ocrx_word' id='word_1_275' title='bbox 328 3497 391 3578; x_wconf 89' lang='lat' dir='ltr'>est,</span> <span class='ocrx_word' id='word_1_276' title='bbox 418 3495 474 3579; x_wconf 89' lang='lat' dir='ltr'>qui</span> <span class='ocrx_word' id='word_1_277' title='bbox 499 3495 624 3560; x_wconf 80' lang='lat' dir='ltr'>fructus</span> <span class='ocrx_word' id='word_1_278' title='bbox 652 3517 797 3580; x_wconf 89' lang='lat' dir='ltr'>quaeque</span> <span class='ocrx_word' id='word_1_279' title='bbox 820 3497 981 3562; x_wconf 83' lang='lat' dir='ltr'>utilitates</span> <span class='ocrx_word' id='word_1_280' title='bbox 1005 3518 1043 3562; x_wconf 85' lang='lat' dir='ltr'>ex</span> <span class='ocrx_word' id='word_1_281' title='bbox 1066 3497 1165 3561; x_wconf 88' lang='lat' dir='ltr'>rebus</span> 
     </span>
    </p>
   </div>
   <div class='ocr_carea' id='block_1_4' title="bbox 0 0 1234 3944">
    <p class='ocr_par' dir='ltr' id='par_1_4' title="bbox 0 0 1234 3944">
     <span class='ocr_line' id='line_1_39' title="bbox 0 0 1234 3944; baseline 0 0"><span class='ocrx_word' id='word_1_282' title='bbox 0 0 1234 3944; x_wconf 95' lang='lat' dir='ltr'> </span> 
     </span>
    </p>
   </div>
  </div>
 </body>
</html>
