2446 3944
460 181 611 246 -237
658 217 701 228 —

80 352 268 420 civitatibus
287 351 444 437 regnandi
467 352 610 417 existunt
632 352 841 437 cupiditates,
864 353 980 437 quibus
1002 353 1086 418 nihil

79 463 140 506 nec
169 440 308 506 taetrius
338 462 398 505 nec
428 438 555 505 foedius
582 441 761 526 excogitari
786 444 905 527 potest.
953 441 1086 506 Emolu-

81 532 192 594 menta
214 527 300 592 enim
322 549 430 592 rerum
452 527 624 594 fallacibus
647 527 774 594 iudiciis
796 528 920 613 vident,
947 551 1086 614 poenam

81 639 147 682 non
170 616 240 681 dico
263 617 386 701 legum,
414 638 511 700 quam
534 638 630 701 saepe
651 619 878 701 perrumpunt,
905 618 961 682 sed
983 617 1085 701 ipsius

81 703 306 789 turpitudinis,
330 726 411 788 quae
430 705 639 769 acerbissima
657 708 721 787 est,
738 726 805 769 non
823 705 942 770 vident.
981 704 1085 780 Quam
1104 723 1138 773 37

82 793 124 858 ob
151 814 221 857 rem
247 791 310 857 hoc
337 792 466 875 quidem
494 793 742 858 deliberantium
770 813 872 878 genus
898 794 1041 878 pellatur
1068 816 1086 859 e

81 879 187 945 medio
215 877 279 964 (est
306 880 392 944 enirn
424 884 532 945 totum
559 881 752 945 sceleratum
780 885 813 945 et
839 880 999 968 impium),
1031 881 1087 967 qui

82 968 276 1051 deliberant,
304 971 414 1032 utrum
441 969 474 1032 id
504 971 688 1052 sequantur,
712 969 798 1052 quod
819 968 993 1034 honestum
1016 991 1086 1035 esse

82 1056 227 1140 videant,
255 1078 298 1120 an
325 1077 359 1119 se
382 1057 520 1121 scientes
544 1057 663 1121 scelere
687 1056 920 1140 contaminent3
952 1058 988 1121 in
1014 1058 1087 1142 ipsa

83 1145 169 1209 enim
192 1143 393 1208 dubitatione
415 1144 540 1210 facinus
558 1144 657 1226 inest,
675 1144 804 1209 etiamsi
823 1145 864 1209 ed
883 1143 917 1209 id
933 1166 999 1209 non
1017 1167 1087 1230 per·

82 1231 238 1297 venerint.
282 1231 372 1317 Ergo
400 1253 439 1297 ea
466 1232 673 1296 deliberande
695 1233 826 1298 omnino
848 1254 914 1297 non
937 1237 1026 1317 sunt,
1053 1233 1088 1298 in

83 1320 200 1404 quibus
224 1322 274 1384 est
296 1319 401 1404 turpis
423 1321 496 1404 ipsa
518 1320 718 1385 deliberatio.

148 1407 258 1491 Atque
281 1408 380 1472 etiam
403 1430 442 1473 ex
468 1408 557 1473 omni
579 1408 811 1473 deliberatione
833 1408 959 1473 celandi
981 1412 1014 1473 et
1037 1431 1087 1475 oo

83 1495 228 1561 cultandi
255 1517 328 1578 spes
357 1496 529 1580 opinioque
556 1494 750 1561 removenda
777 1499 835 1560 est.
885 1494 972 1561 Satis
1000 1497 1086 1561 enim

82 1584 190 1667 nobis,
209 1582 238 1647 si
260 1583 356 1648 modo
374 1584 409 1647 in
425 1583 634 1669 philosophia
652 1583 775 1666 aliquid
791 1583 1000 1668 profecimus,
1017 1607 1087 1669 per-

83 1693 214 1736 suasum
238 1692 309 1736 esse
332 1672 440 1756 debet,
463 1672 492 1736 si
515 1693 626 1736 omnes
650 1672 727 1736 deos
749 1671 959 1756 hominesque
983 1673 1086 1737 celare

82 1760 258 1845 possimus,
280 1758 363 1823 nihil
386 1763 497 1824 tamen
519 1781 629 1843 avare,
650 1759 733 1823 nihil
755 1759 887 1843 iniuste,
909 1759 992 1824 nihil
1015 1761 1087 1824 libi·

84 1847 208 1929 dinose,
230 1847 313 1911 nihil
334 1847 573 1912 incontinenter
596 1868 666 1911 esse
688 1847 878 1912 faciendum.
923 1847 1007 1913 Hinc
1030 1849 1087 1913 ille
1105 1828 1139 1956 ia

85 1933 194 2019 Gyges
211 1934 374 1999 inducitur
392 1935 576 2019 aPlatone,
594 1934 662 2019 qui,
681 1957 753 1999 cum
776 1939 864 2000 terra
887 1936 1086 2001 discessisset

85 2022 212 2107 magnis
227 2021 420 2106 quibusdam
433 2024 605 2106 imbribus,
625 2023 788 2088 descendit
805 2023 840 2087 in
852 2023 947 2088 illum
961 2024 1087 2088 hiatum

85 2115 282 2194 adneumque
305 2132 434 2196 equum,
466 2115 503 2176 ut
534 2111 643 2176 ferunt
673 2111 818 2195 fabulae,
849 2112 1087 2191 animadvertit,

84 2197 174 2263 cuius
196 2198 231 2262 in
253 2199 410 2263 lateribus
432 2199 519 2264 fores
543 2203 663 2282 essent3
686 2199 803 2283 quibus
827 2200 948 2284 apertis
971 2222 1087 2285 corpus

83 2285 225 2351 hominis
252 2287 373 2351 mortui
399 2287 481 2352 vidit
508 2287 730 2372 magnitudine
752 2287 920 2353 invisitata
943 2289 1087 2352 anulum·

84 2396 146 2457 que
169 2395 302 2438 aureum
324 2374 359 2438 in
382 2374 499 2460 digito3
527 2397 623 2459 quem
649 2378 687 2439 ut
710 2375 863 2459 detraxit,
890 2375 960 2460 ipse
981 2376 1088 2440 induit

85 2459 170 2546 (erat
197 2465 306 2526 autem
332 2462 442 2548 regius
469 2461 609 2547 pastor),
631 2465 702 2526 turn
724 2462 759 2526 in
781 2464 953 2528 concilium
976 2486 1010 2528 se
1032 2487 1088 2549 pa·

85 2552 210 2614 storum
228 2549 357 2634 recepit.
393 2549 445 2615 Ibi
463 2573 535 2616 cum
557 2549 667 2634 palam
686 2551 754 2614 eius
777 2552 866 2615 anuli
885 2552 925 2616 ad
942 2553 1088 2637 palmam

85 2641 301 2721 converterat,
329 2639 462 2703 anullo
485 2638 664 2722 videbatur,
685 2637 757 2722 ipse
780 2641 888 2702 autem
912 2640 1021 2703 omnia
1043 2640 1088 2704 vi-

85 2725 196 2807 debat,
222 2725 308 2790 idem
330 2748 441 2790 rursus
464 2726 643 2809 videbatur,
672 2747 745 2789 cum
768 2725 802 2788 in
824 2726 932 2790 locum
954 2726 1088 2790 anulum

83 2812 270 2878 inverterat.
248 2812 420 2898 tltaque
438 2813 499 2877 hac
518 2812 739 2897 oportunitate
758 2813 848 2877 anuli
860 2834 938 2877 usus
956 2813 1088 2898 reginae

86 2903 235 2984 stuprum
252 2901 365 2966 intulit
383 2923 484 2985 eaque
502 2900 657 2966 adiutrice
680 2921 791 2986 regem
810 2901 974 2965 dominum
992 2901 1089 2964 inter-

85 2988 177 3071 emit,
201 2989 334 3053 sustulit
339 3011 452 3074 ,quos
481 2990 612 3055 obstare
639 2988 726 3053 arbit
712 2989 870 3074 trabatur,
897 2988 1012 3052 necin
1035 2988 1086 3052 his

85 3097 158 3139 eum
168 3037 377 3142 facinoribirs
401 3077 572 3161 quisquam
594 3077 703 3161 potuit
689 3077 841 3143 tuidere.
882 3073 934 3140 Sic
955 3079 1088 3228 repente

85 3163 175 3227 anuli
202 3164 357 3230 beneficio
384 3187 441 3230 rex
468 3168 599 3229 exortus
623 3168 673 3229 est
694 3164 824 3248 Lydiae.
868 3163 995 3229 Hunc
986 3164 1048 3250 igit
1050 3187 1088 3228 ur

84 3250 193 3336 ipsum
215 3254 350 3317 anulum
379 3252 408 3317 si
430 3253 550 3318 habeat
536 3253 715 3336 tsapiens,
741 3252 844 3318 nihilo
867 3253 942 3337 plus
966 3252 1029 3317 sibi
1052 3253 1089 3317 li-

85 3361 156 3404 cere
182 3343 277 3424 putet
303 3363 448 3425 peccare,
485 3362 582 3437 quam
615 3340 643 3404 si
670 3362 736 3405 non
767 3341 915 3424 haberet·
951 3340 1089 3406 honesta

85 3426 171 3491 enim
213 3427 308 3492 bonis
352 3428 444 3511 viris,
489 3450 556 3493 non
603 3429 729 3493 occulta
765 3432 971 3531 quaeruntur
1030 3429 1088 3492 At·
1108 3445 1140 3494 39
1214 3496 1221 3503 ,,

85 3536 147 3599 que
177 3515 240 3580 hoc
272 3517 344 3580 loco
375 3479 564 3601 philosophi
592 3515 736 3601 quidam,
768 3517 900 3583 minime
931 3517 1011 3583 mali
1038 3518 1090 3581 illi
