2446 3944
472 195 712 259 —337-

86 354 194 439 diligit
218 357 251 417 et
275 353 414 416 alterum
434 350 585 435 anquirit,
603 351 693 416 cuius
712 353 856 418 animum
873 355 922 420 ita
940 377 1014 419 cum
1033 375 1091 420 suo

85 443 229 523 misceat,
252 443 289 504 ut
313 439 433 503 efficiat
455 459 556 522 paene
580 461 679 503 unum
702 461 740 503 ex
764 441 897 506 duobua
1102 491 1144 555 22

152 525 215 592 sed
236 527 383 611 plerique
400 547 560 610 perverse,
578 547 619 589 ne
636 526 740 591 dicam
752 527 953 613 inpudenter,
971 530 1091 594 habere
1110 569 1144 619 82

85 617 187 681 talem
210 615 350 679 amicum
372 615 501 698 volunt,
533 615 644 698 quales
671 614 736 698 ipsi
758 636 828 680 esse
852 638 919 682 non
944 622 1090 702 possunt,

88 724 231 788 quaeque
254 703 318 787 ipsi
340 724 406 766 non
428 702 577 769 tribuunt
600 701 721 786 amicis,
743 702 824 767 haec
847 704 889 768 ab
912 705 952 768 iis
972 706 1092 769 deside·

86 795 171 856 rant.
201 791 265 855 Par
280 794 329 854 est
344 794 453 855 autem
466 790 607 875 primum
622 791 730 875 ipsum
750 812 820 854 esse
838 792 943 856 virum
961 794 1091 877 bonum,

85 883 157 944 tum
174 879 313 944 alterum
328 879 467 943 similem
482 880 532 945 sui
547 900 708 962 quaerere.
740 879 780 943 In
793 879 914 943 talibus
929 901 975 963 ea,
994 903 1091 963 quam

85 968 151 1032 iam
175 967 294 1032 dudum
312 970 504 1052 tractamus,
533 967 698 1032 stabilitas
723 966 884 1032 amicitiae
907 968 1092 1033 confirmari

85 1059 209 1140 potest,
241 1077 314 1120 cum
345 1055 492 1120 homines
520 1055 739 1120 benivolentia
762 1055 924 1121 coniuncti
951 1055 1092 1139 primum

85 1142 317 1228 cupiditatibus
345 1143 399 1228 iis,
430 1142 546 1227 quibus
569 1143 668 1208 ceteri
691 1144 849 1227 serviunt,
876 1143 1092 1227 imperabunt,

86 1231 199 1319 deinde
222 1231 385 1314 aequitate
399 1230 588 1315 iustitiaque
603 1232 799 1317 gaudebunt,
818 1231 989 1314 omniaque
1009 1231 1093 1294 alter

84 1341 144 1404 pro
165 1320 268 1383 altero
288 1319 450 1403 suscipiet,
472 1341 576 1402 neque
595 1320 766 1403 quicquam
779 1341 934 1403 umquam
952 1318 1016 1382 nisi
1034 1319 1093 1383 ho·

84 1411 214 1471 nestum
243 1410 277 1471 et
303 1411 428 1472 rectum
457 1408 540 1472 alter
567 1408 608 1471 ab
636 1408 740 1472 altero
763 1407 957 1492 postulabit,
988 1428 1092 1490 neque

86 1496 193 1559 solum
207 1495 316 1560 colent
330 1496 415 1559 inter
434 1517 467 1559 se
487 1517 524 1560 ac
542 1495 688 1579 diligent,
707 1495 762 1559 sed
777 1495 875 1560 etiam
888 1495 1091 1559 verebuntur.

85 1582 172 1647 Nam
195 1605 382 1647 maxumum
405 1587 633 1647 ornamentum
656 1582 817 1648 amicitiae
839 1583 942 1666 tollit,
970 1582 1026 1666 qui
1053 1604 1092 1646 ex

86 1693 124 1736 ea
150 1671 240 1736 tollit
266 1671 500 1736 verecundiam.
543 1670 659 1753 Itaque
685 1671 721 1735 in
746 1671 786 1734 iis
814 1670 1013 1754 perniciosus
1041 1673 1091 1734 est
1110 1679 1144 1729 83

85 1781 189 1843 error,
217 1759 273 1842 qui
300 1759 498 1823 existumant
520 1758 700 1822 lubidinum
727 1761 995 1841 peccatorumque
1026 1780 1091 1822 om·

85 1847 175 1911 nium
197 1850 309 1931 patere
332 1846 367 1908 in
389 1845 534 1910 amicitia
556 1845 734 1929 licentiam3
761 1845 921 1909 virtutum
949 1846 1091 1911 amicitia

86 1934 226 2002 adiutrix
250 1956 270 1997 a
291 1937 409 1997 natura
432 1933 508 1997 data
532 1936 594 2016 est,
623 1955 689 1998 non
715 1932 869 1997 vitiorum
897 1954 1018 2017 comes,
1045 1939 1090 2018 ut,

87 2022 240 2105 quoniam
259 2020 407 2085 solitaria
419 2042 485 2084 non
499 2024 610 2104 posset
623 2021 728 2085 virtus
743 2020 784 2085 ad
798 2043 844 2104 ea,
864 2043 946 2105 quae
965 2043 1091 2086 summa

86 2112 175 2193 sunt,
202 2108 383 2192 pervenire,
415 2109 586 2173 coniuncta
613 2112 646 2172 et
673 2108 857 2174 consociata
884 2131 957 2174 oum
988 2109 1091 2173 altera

84 2197 276 2282 perveniret.
322 2195 410 2271 Quae
433 2196 461 2260 si
485 2217 565 2279 quos
592 2196 677 2260 inter
708 2197 844 2262 societas
873 2201 930 2262 aut
957 2199 1007 2261 est
1035 2201 1091 2262 aut

83 2286 148 2350 fuit
172 2288 228 2349 aut
251 2285 362 2349 futura
385 2287 444 2367 est,
467 2306 578 2349 eorum
601 2288 651 2348 est
673 2283 840 2349 habendus
864 2285 905 2349 ad
930 2307 1091 2349 summum

83 2376 221 2438 naturae
256 2367 377 2436 bo'num
414 2375 566 2455 optumus
602 2372 872 2456 beatissimusque
908 2373 1091 2438 comitatus.

85 2461 176 2525 Haec
200 2463 257 2544 est,
280 2461 422 2544 inquam,
442 2459 589 2542 societas,
606 2460 641 2523 in
660 2481 724 2543 qua
743 2461 852 2524 omnia
869 2460 990 2544 insunt,
1008 2483 1090 2544 quae
1110 2471 1144 2521 84

85 2552 204 2633 putant
226 2548 373 2613 homines
397 2546 583 2631 expetenda,
605 2547 768 2632 honestas,
792 2547 912 2631 gloria,
934 2549 1091 2631 tranquil·

85 2637 163 2700 litas
187 2636 287 2700 animi
310 2639 407 2718 atque
429 2635 624 2718 iucunditas,
646 2639 684 2700 ut
707 2639 752 2719 et,
776 2657 848 2699 cum
871 2635 951 2699 haec
974 2636 1090 2717 adsint,

85 2724 183 2788 beata
205 2724 274 2788 vita
296 2723 340 2787 sit
363 2726 396 2786 et
420 2722 488 2786 sine
510 2722 561 2786 his
585 2743 655 2787 esse
676 2739 744 2787 non
761 2722 876 2806 possit.
909 2720 1001 2796 Quod
1019 2743 1091 2786 cum

86 2815 256 2895 optumum
288 2832 537 2894 maxumumque
569 2809 626 2894 sit,
656 2810 684 2874 si
710 2810 743 2874 id
770 2811 919 2875 volumus
948 2809 1090 2894 adipisci,

84 2900 202 2964 virtuti
224 2920 321 2984 opera
340 2898 445 2964 danda
463 2901 522 2982 est,
545 2897 613 2962 sine
636 2919 701 2981 qua
716 2919 776 2963 nec
795 2897 969 2962 amicitiam
988 2919 1090 2981 neque

84 2988 188 3052 ullam
215 3009 284 3051 rem
311 2986 522 3071 expetendam
550 2986 702 3070 consequi
729 3007 915 3071 possumus3
947 3008 985 3050 ea
1012 3007 1089 3051 vero

84 3076 235 3159 neglecta
268 3075 323 3159 qui
351 3097 384 3138 se
413 3075 533 3140 amicos
564 3074 684 3138 habere
712 3074 926 3157 arbitrantur,
958 3077 1028 3137 tum
1056 3094 1090 3138 se

86 3163 222 3246 denique
246 3184 370 3227 errasse
390 3163 542 3247 sentiunt,
566 3185 639 3227 cum
657 3183 712 3227 eos
732 3163 841 3250 gravis
861 3161 978 3245 aliquis
997 3183 1090 3226 casus

84 3252 225 3335 experiri
247 3251 344 3336 cogit.
377 3249 532 3325 Quocirca
555 3249 737 3337 (dicendum
761 3255 811 3315 est
834 3250 919 3314 enim
941 3249 1089 3335 saepius),
1109 3261 1143 3310 85

85 3361 160 3404 cum
188 3339 352 3422 iudicaris,
385 3339 519 3424 diligere
547 3343 690 3424 oportet,
717 3360 795 3417 non,
828 3360 900 3403 cum
932 3337 1090 3420 dilexeris

84 3427 235 3492 iudicare.
268 3425 331 3491 Sed
353 3449 426 3492 cum
445 3427 555 3492 multis
579 3427 613 3490 in
631 3428 727 3491 rebus
749 3426 958 3512 neglegentia
980 3427 1090 3511 plecti·

85 3537 168 3596 mur,
191 3518 262 3578 tum
285 3515 422 3579 maxime
445 3515 480 3580 in
503 3515 614 3581 amicis
638 3519 671 3580 et
694 3514 865 3601 diligendis
885 3520 917 3580 et
936 3515 1090 3597 colendis3

161 3615 341 3673 wetbertus,
356 3618 402 3664 llic.
416 3619 533 3675 philosoph.
548 3619 661 3674 &dritten
922 3616 964 3665 ‘aa

1204 3551 1209 3583 l
