2446 3944
447 179 687 254 -229-

67 363 150 429 dere.
195 361 311 448 Itaque
342 361 523 447 accepimus
550 359 716 428 Socratem
748 361 908 427 exsecrari
939 362 1074 430 solitum

67 473 135 529 eos,
167 450 223 534 qui
254 450 395 535 primum
426 449 506 515 haec
535 454 655 515 natura
686 449 892 516 cohaerentia
923 450 1074 536 opinione

67 539 301 603 distraxissent.
347 535 408 603 Cui
431 537 559 621 quidem
581 538 630 602 ita
652 541 728 603 sunt
751 535 853 603 Stoici
875 537 1013 623 adsensi,
1035 542 1073 604 ut

67 631 112 709 et,
140 626 291 710 quicquid
312 626 486 692 honestum
514 629 612 710 esset,
639 626 673 690 id
699 625 780 691 utile
808 647 879 690 esse
906 631 1074 692 censerent

65 737 124 779 nec
137 715 218 779 utile
233 714 414 799 quicquam,
429 714 514 797 quod
525 735 591 778 non
603 714 785 778 honestum.
809 712 931 789 Quodsi
944 715 972 779 is
987 719 1074 780 esset
1093 734 1125 783 la

65 802 253 885 Panaetius,
286 801 342 886 qui
367 802 521 866 virtutem
549 805 721 886 propterea
749 800 917 866 colendam
944 802 1074 888 diceret,

68 890 153 974 quod
176 912 213 955 ea
236 889 377 954 efficiens
400 889 555 954 utilitatis
579 893 677 972 esset,
704 893 741 953 ut
763 889 800 972 ii,
828 889 958 973 quires
982 913 1074 976 expe-

66 977 180 1042 tendas
203 979 254 1043 vel
275 979 444 1061 voluptate
466 977 520 1042 vel
541 977 720 1042 indolentia
742 977 934 1061 metiuntur,
961 977 1075 1044 liceret

68 1066 98 1130 ei
120 1066 224 1131 dicere
245 1066 423 1130 utilitatem
443 1065 615 1149 aliquando
635 1087 708 1130 oum
725 1065 897 1130 honestate
914 1087 1074 1151 pugnare,

68 1154 123 1218 sed
150 1175 223 1218 cum
251 1154 294 1218 sit
320 1154 363 1237 is,
396 1153 451 1237 qui
478 1153 512 1217 id
543 1153 648 1217 solum
676 1154 797 1218 bonum
824 1153 956 1236 iudicet,
988 1153 1075 1237 quod

66 1242 239 1307 honestum
262 1241 315 1323 sit,
338 1263 421 1325 quae
444 1244 553 1305 autem
575 1241 651 1306 huic
673 1244 855 1326 repugnent
874 1240 979 1326 specie
998 1262 1075 1324 qua-

68 1329 142 1395 dam
155 1329 320 1412 utilitatis,
339 1351 450 1394 eorum
464 1350 568 1412 neque
586 1329 768 1393 accessione
786 1329 953 1393 meliorem
971 1329 1075 1393 vitam

67 1418 138 1481 fieri
154 1438 213 1481 nec
232 1417 415 1482 decessione
433 1417 584 1501 peiorem,
606 1438 673 1480 non
692 1416 820 1481 videtur
838 1415 987 1481 debuisse
1005 1415 1074 1480 eius

67 1505 155 1569 modi
178 1505 444 1569 deliberationem
471 1504 688 1588 introducere,
714 1504 749 1568 in
776 1524 853 1587 qua,
881 1503 966 1588 quod
993 1503 1075 1568 utile

68 1593 243 1676 videretur,
267 1613 346 1657 cum
363 1614 414 1676 eo,
437 1591 524 1675 quod
545 1592 718 1656 honestum
741 1595 800 1674 est,
823 1595 1075 1676 compararetur.

68 1680 199 1746 Etenim
223 1680 309 1764 quod
331 1701 494 1745 summum
516 1680 637 1744 bonum
660 1701 680 1743 a
703 1677 820 1744 Stoicis
844 1679 975 1764 dicitur,
1003 1698 1127 1747 con-13

66 1768 232 1833 venienter
259 1771 395 1833 naturae
421 1768 543 1850 vivere,
575 1766 608 1830 id
635 1766 736 1831 habet
761 1767 858 1850 hanc,
885 1771 923 1831 ut
951 1766 1076 1852 opinor,

68 1856 276 1920 sententiam:
313 1877 385 1920 curn
421 1856 543 1919 virtute
579 1875 756 1939 congruere
792 1876 932 1939 semper,
968 1859 1076 1921 cetera

69 1947 190 2026 autem,
214 1966 295 2027 quae
319 1943 492 2007 secundum
513 1945 664 2007 naturam
688 1946 809 2028 essent,
831 1943 879 2008 ita
901 1943 1024 2029 legere,
1047 1943 1076 2007 si

70 2053 109 2096 ea
130 2031 245 2096 virtuti
266 2053 333 2096 non
352 2034 578 2117 repugnarent.
616 2029 708 2106 Quod
726 2053 798 2095 cum
816 2030 864 2095 ita
882 2030 935 2116 sit,
956 2034 1076 2116 putant

68 2119 199 2203 quidam
225 2117 310 2183 hanc
337 2118 612 2202 comparationem
641 2139 707 2183 non
733 2121 820 2183 recte
846 2118 1075 2203 introductam,

66 2229 126 2271 nec
158 2207 289 2271 omnino
322 2206 360 2270 de
393 2228 430 2270 eo
463 2227 580 2291 genere
612 2206 785 2289 quicquam
813 2206 1075 2308 praecipiendum

66 2295 175 2360 fuisse.
221 2293 325 2377 Atqui
358 2293 440 2357 illud
468 2294 596 2377 quidem
618 2293 736 2358 honest
721 2296 805 2378 tum,
833 2294 919 2377 quod
944 2294 1075 2379 proprie

67 2403 206 2466 vereque
234 2381 311 2445 dicit
297 2384 363 2464 t,ur
390 2379 460 2444 id
450 2403 486 2444 ιιι
512 2382 713 2466 sapientibus
741 2385 791 2446 est
818 2381 897 2446 solis
924 2402 1028 2466 neque
1056 2403 1076 2447 a

68 2470 190 2535 virtute
157 2469 325 2533 tdivelli
346 2491 500 2552 umquam
522 2472 645 2554 potest;
671 2469 706 2532 in
732 2468 774 2533 iis
797 2472 920 2547 autem,
945 2468 981 2532 in
1008 2469 1076 2552 qui·

68 2559 129 2622 bus
157 2556 284 2641 sapient
285 2556 318 2620 ia
344 2556 467 2641 perfect
469 2579 489 2620 a
514 2578 580 2620 non
607 2559 670 2639 est,
701 2556 809 2640 ipsum
837 2517 920 2620 illud
947 2556 1075 2640 quidem

68 2645 247 2730 perfectum
269 2644 441 2709 honestum
463 2644 555 2709 nullo
574 2643 678 2726 modo,
702 2643 929 2707 similitudines
947 2643 1076 2708 honesti

69 2754 139 2797 esse
161 2735 309 2817 possunt
344 2730 435 2796 Haec
458 2731 543 2795 enim
567 2731 682 2814 officia,
705 2730 743 2795 de
767 2730 883 2814 quibus
906 2729 958 2794 his
981 2729 1075 2794 libris
1096 2747 1129 2796 ιι

69 2821 282 2903 disputamus,
300 2816 488 2883 mediaSt
444 2818 521 2882 torci
540 2819 721 2919 appellant3
743 2840 781 2882 ea
799 2817 982 2883 communia
1000 2821 1077 2882 sunt

69 2912 103 2972 et
129 2909 196 2972 late
223 2899 351 2992 patent3
381 2928 463 2991 quae
491 2907 559 2970 et
550 2906 672 2991 mgenii
698 2906 791 2970 bonit
777 2908 845 2970 tate
872 2904 970 2969 multi
993 2926 1076 2970 asse

69 2999 213 3080 quantur
240 2999 274 3060 et
300 2994 527 3079 progressione
556 2993 705 3059 discendi.
750 2992 837 3057 Illud
867 2996 922 3057 aut
924 3013 975 3057 ern
1007 2993 1077 3057 offi-

68 3084 167 3161 cium,
190 3083 277 3167 quod
303 3086 428 3147 rectum
455 3081 540 3147 idem
567 3082 747 3166 appellant,
776 3080 899 3165 perfect
900 3103 955 3145 ιιιιι
979 3084 1076 3165 atque

69 3171 257 3236 absolutum
290 3173 340 3235 est
372 3174 417 3255 et,
449 3173 487 3234 ut
514 3169 600 3234 idem
632 3168 754 3252 dicunt,
786 3190 897 3234 omnes
924 3191 1075 3234 numeros

68 3259 169 3324 habet
200 3281 260 3324 nec
291 3262 421 3343 pra'eter
452 3257 631 3342 sapientem
664 3257 776 3322 cadere
812 3257 846 3321 in
882 3278 1076 3341 quemquam

69 3351 188 3432 potest.
226 3345 308 3411 Cum
331 3350 440 3411 autem
463 3344 585 3430 aliquid
608 3348 716 3410 actum
739 3349 804 3430 est,
825 3345 861 3409 in
883 3366 946 3429 quo
969 3347 1076 3412 media

70 3435 177 3500 officia
196 3437 414 3519 compareant,
432 3433 465 3497 id
484 3434 645 3499 cumulate
660 3433 786 3498 videtur
804 3455 873 3498 esse
887 3433 1076 3521 perfectum,

68 3528 243 3608 propterea
261 3522 347 3606 quod
366 3523 492 3608 volgus,
515 3522 591 3606 quid
610 3521 696 3586 absit
715 3544 734 3586 a
752 3522 903 3607 perfecte,
925 3544 991 3587 non
1008 3521 1058 3587 fer

945 3876 1100 3897 ...Μ
