2446 3944
462 184 703 250 -457-

82 348 281 431 parsimonia
313 346 524 430 delectantur,
558 352 595 412 ut
626 347 664 411 de
695 346 956 411 Lacedaemoniis
987 347 1087 430 paulo

84 440 159 500 ante
182 435 329 499 diximus.
364 434 534 499 Persarum
557 433 808 517 aXenophonte
828 435 933 500 victus
957 435 1087 519 exponi·

83 528 149 606 tur,
173 545 252 606 quos
275 526 373 608 negat
395 523 436 587 ad
457 544 574 606 panem
593 523 743 588 adhibere
767 522 938 607 quicquam
960 526 1088 607 praeter

83 611 291 675 nasturcium.
341 610 556 695 Quamquam,
579 611 607 675 si
630 611 787 695 quaedam
810 611 907 676 ctiam
937 611 1088 678 suaviora

83 703 200 763 natura
226 699 396 781 desideret,
423 720 520 782 quam
546 700 650 763 multa
676 720 713 763 ex
740 702 827 762 terra
856 699 1087 784 arboribusque

84 788 262 872 gignuntur
283 808 355 850 cum
378 787 472 869 copia
493 786 595 870 facili,
622 790 691 851 tum
715 785 873 851 suavitate
895 788 1086 870 praestantii

84 875 176 939 Adde
199 874 390 958 siccitatem,
418 895 499 958 quae
522 877 729 959 consequitur
750 873 834 938 hanc
857 875 1087 940 continentiam

84 963 119 1027 in
145 963 244 1047 victu,
276 962 356 1027 adde
387 961 607 1046 integritatem
639 961 847 1044 valetudinis3
877 961 986 1026 confer
1013 976 1141 1027 su-100

85 1051 206 1134 dantis,
241 1049 412 1132 ructantis,
448 1049 584 1116 refertos
621 1051 724 1133 epulis
759 1052 926 1133 tamquam
961 1051 1087 1132 opimos

85 1140 197 1224 boves,
229 1142 299 1202 tum
330 1138 514 1223 intelleges,
552 1138 605 1222 qui
638 1139 835 1222 voluptatem
865 1138 1004 1201 maxime
1041 1159 1088 1202 se·

85 1230 235 1311 quantur,
258 1248 312 1290 eos
330 1225 463 1291 minime
484 1226 647 1309 consequi,
669 1225 962 1310 iucunditatemque
984 1225 1087 1290 victus

85 1336 154 1378 esse
178 1315 213 1378 in
235 1314 406 1396 desiderio,
428 1334 494 1379 non
516 1314 551 1377 in
574 1314 732 1381 satietate.

150 1401 364 1483 Timotheum,
382 1402 504 1466 clarum
521 1401 685 1468 hominem
701 1402 839 1466 Athenis
859 1405 892 1465 et
908 1401 1088 1485 principem
1098 1399 1141 1463 35

85 1488 240 1567 civitatis,
263 1490 386 1572 ferunt,
410 1511 481 1553 cum
500 1491 679 1555 cenavisset
697 1491 783 1574 apud
801 1489 969 1554 Platonem
987 1510 1088 1573 eoque

86 1577 231 1642 convivio
263 1577 433 1641 admodum
465 1578 642 1642 delectatus
675 1582 760 1643 esset
790 1577 985 1661 vidissetque
1015 1599 1088 1641 eum

85 1664 255 1747 postridie,
291 1665 421 1729 dixisse:
467 1664 646 1730 ‘Vestrae
682 1666 832 1751 quidem
869 1686 983 1730 cenae
1014 1687 1089 1730 non

87 1754 209 1818 solum
244 1752 284 1816 in
318 1755 552 1837 praesentia,
588 1755 653 1818 sed
691 1755 804 1820 etiam
840 1756 996 1837 postero
1029 1753 1089 1819 dic

86 1839 272 1906 iucundae
295 1839 404 1905 sunt?
441 1839 536 1925 Quid,
559 1841 643 1926 quod
661 1864 702 1907 ne
720 1845 827 1906 mente
850 1841 979 1925 quidem
1002 1844 1089 1906 recte

86 1929 134 1992 uti
164 1950 334 2012 possumus
361 1928 463 1993 multo
492 1929 563 1994 cibo
592 1934 624 1994 et
650 1931 781 2014 potione
812 1929 983 2012 completi?
1027 1928 1090 1993 Est

85 2017 251 2100 praeclara
278 2016 418 2099 epistula
443 2016 588 2082 Platonis
613 2018 654 2082 ad
676 2016 791 2083 Dionis
813 2018 1025 2101 propinquos,
1055 2018 1090 2081 iu

87 2126 151 2189 qua
173 2105 329 2187 scriptum
352 2108 402 2168 est
423 2103 474 2169 his
499 2103 566 2169 fere
587 2106 709 2171 verbis:
742 2106 836 2182 ‘Quo
860 2127 941 2171 cum
963 2105 1090 2170 venis·

87 2214 177 2275 sem,
199 2192 281 2257 vita
298 2191 369 2257 illa
387 2192 512 2276 beata,
535 2214 630 2277 quae
648 2193 858 2277 ferebatur,
880 2192 993 2276 plena
1010 2192 1090 2257 Ita-

86 2281 244 2345 licarum
290 2278 654 2365 Syracusiarumque
704 2303 931 2363 mensarum,
982 2281 1089 2345 nullo

88 2368 196 2432 modo
229 2368 321 2432 mihi
353 2368 515 2451 placuit,
547 2369 605 2432 bis
638 2370 676 2433 in
708 2369 767 2434 die
797 2370 968 2433 saturum
1000 2368 1090 2431 fieri

87 2476 155 2518 nec
177 2477 351 2540 umquam
368 2459 598 2538 pernoctare
617 2457 739 2521 solum
759 2460 973 2539 ceteraque,
996 2477 1091 2539 quae

88 2542 321 2608 comitantur
352 2543 439 2607 huic
470 2544 585 2626 vitae,
618 2544 658 2608 in
690 2566 762 2627 qua
794 2542 950 2626 sapiens
981 2564 1090 2607 nemo

89 2630 286 2695 efficietur
313 2653 498 2714 umquam,
525 2633 743 2696 moderatus
766 2653 853 2696 vero
879 2630 998 2694 multo
1021 2629 1090 2694 mi-

87 2740 166 2784 nus.
211 2718 311 2794 Quae
335 2720 434 2782 enim
456 2721 595 2783 natura
617 2723 693 2784 tam
718 2717 953 2783 mirabiliter
977 2720 1068 2781 tem·
1093 2737 1142 2786 101

88 2806 215 2889 perari
237 2806 405 2889 potestl'
451 2806 521 2882 Quo
544 2807 639 2872 modo
667 2807 768 2891 igitur
788 2804 926 2870 iucunda
948 2804 1015 2868 vita
1037 2826 1090 2887 po·

87 2897 154 2959 test
172 2915 255 2976 esse,
274 2916 293 2958 a
311 2915 375 2976 qua
393 2894 480 2958 absit
497 2895 680 2976 prudentia,
699 2894 785 2958 absit
802 2892 1004 2958 moderatio?
1040 2891 1092 2955 Ex

88 3004 150 3066 quo
184 2979 419 3065 Sardanapalli,
453 2982 691 3064 opulentissimi
723 2980 835 3065 Syriae
867 2980 967 3064 regis,
1003 3000 1091 3045 error

88 3069 307 3154 adgnoscitur,
333 3070 389 3153 qui
411 3069 509 3133 incidi
532 3071 627 3135 iussit
648 3070 683 3135 in
704 3071 814 3135 busto:

153 3244 257 3311 Haec
285 3245 420 3329 habeo,
449 3267 544 3328 quae
572 3246 644 3329 edi,
673 3266 841 3330 quaeque
870 3246 1091 3344 exsaturata

152 3421 307 3505 Hausit3
338 3424 378 3485 at
407 3421 478 3485 illa
509 3421 638 3485 iacent
669 3420 790 3484 multa
821 3422 858 3485 et
880 3332 1092 3572 &fidigna

855 3530 894 3572 re
918 3530 951 3573 1c
976 3530 1004 3573 a.
