2446 3944
895 39 915 74 l

494 189 736 254 ..341-

108 376 256 420 severum
280 357 312 418 et
336 375 476 439 gravem.
509 351 632 430 Quibus
650 353 818 419 blanditiis
838 351 872 419 O.
888 352 1037 439 Papirius
1056 375 1112 420 nu·
1126 371 1164 421 ,96

107 465 166 528 per
183 442 345 506 ‘influebat
366 441 402 505 in
424 442 511 507 auris
535 442 704 526 contionis,
727 464 799 507 eum
821 441 921 507 ferret
944 443 1050 527 legem
1074 442 1113 508 de

108 530 248 595 tribunis
271 529 376 615 plebis
399 530 591 596 reficiendisl
614 530 836 596 Diseussimus
858 551 933 614 nos,
956 531 1012 595 sed
1028 531 1112 595 nihil

109 619 147 683 de
171 640 232 701 me,
255 619 293 683 de
316 615 465 702 Scipione
488 619 593 684 dicam
615 619 789 683 lubentius,
834 615 963 694 Quanta
984 619 1065 703 illa,¹
1080 618 1113 684 di

108 707 312 790 inmortales,
334 704 398 771 fuit
411 706 556 792 gravitas
561 757 570 789 ,
585 710 706 791 quanta
723 707 758 771 in
777 707 922 772 oratione
943 707 1111 772 maiestas!

108 799 145 859 ut
167 794 262 859 facile
286 793 398 859 ducem
420 795 532 881 populi
555 795 704 878 Romani,
725 816 791 859 non
812 795 963 859 comitem
982 795 1112 860 diceres.

108 881 171 947 Sed
199 882 364 965 adfuistis,
397 885 430 947 et
457 887 506 948 est
534 882 569 947 in
596 883 745 948 manibus
765 884 878 948 oratio.
923 882 1038 966 Itaque
1060 884 1114 948 lex

108 970 276 1056 popularis
300 970 463 1056 suffragiis
494 971 608 1055 populi
630 970 799 1056 repudiata
822 975 881 1036 est.
926 971 1048 1054 Atque,
1075 975 1113 1035 ut

109 1059 149 1123 ad
172 1080 224 1122 me
246 1059 384 1142 redeam,
408 1059 610 1142 meministis,
633 1056 669 1135 Q.
683 1059 845 1143 Maxumo,
866 1058 968 1159 fratre
992 1056 1112 1143 Scipio-

106 1145 1112 1319 battisttnlttlbttssltttttl‘’tlttttall

107 1322 320 1408 collegiorum
334 1323 375 1387 ad
388 1322 502 1407 populi
519 1323 709 1388 beneficium
725 1321 996 1406 transferebatur;
1015 1326 1112 1406 atque

107 1410 135 1474 is
159 1411 283 1494 primus
307 1410 450 1475 instituit
468 1410 503 1475 in
519 1410 626 1492 forum
643 1432 755 1475 versus
776 1431 871 1495 agere
890 1432 963 1475 eum
980 1411 1111 1494 populo.

107 1497 230 1562 Tamen
252 1498 341 1562 illius
364 1498 558 1563 vendibilem
582 1499 763 1563 orationem
781 1498 895 1582 religio
915 1498 1048 1562 deorum
1065 1498 1112 1561 in·

108 1586 296 1650 mortalium
318 1586 412 1651 nobis
436 1585 680 1651 defendentibus
698 1585 793 1651 facile
811 1586 970 1650 vinoebat.
1003 1585 1112 1669 Atque

107 1674 141 1738 id
164 1677 272 1738 aetum
300 1678 349 1738 est
381 1678 531 1758 praetore
559 1696 609 1738 me
643 1674 860 1759 quinquennio
893 1677 981 1757 ante,
1014 1695 1111 1756 quam

108 1763 220 1827 consul
243 1783 314 1826 sum
336 1760 456 1845 faetus3
478 1762 526 1826 ita
548 1784 583 1826 re
606 1762 711 1846 magis
735 1784 832 1846 quam
856 1783 982 1825 summa
1005 1764 1112 1826 auoto-

107 1850 205 1914 ritate
228 1871 325 1914 oausa
347 1850 407 1913 illa
430 1849 560 1914 defensa
583 1852 642 1914 est.
1120 1896 1163 1960 26

175 1935 296 2011 Quodsi
317 1938 351 2001 in
375 1958 499 2019 scaena,
521 1937 623 2001 idest
645 1937 680 2001 in
700 1937 858 2021 contione,
880 1936 915 2000 in
934 1959 997 2020 qua
1015 1937 1110 2002 rebus
1129 1974 1163 2023 97

108 2024 193 2089 fietis
217 2029 250 2087 et
273 2024 472 2089 adumbratis
495 2023 559 2089 loci
580 2025 756 2109 plurimum
779 2029 843 2107 est,
865 2028 977 2089 tamen
999 2047 1110 2090 verum

107 2113 205 2195 valet,
228 2111 257 2176 si
279 2113 374 2177 modo
392 2113 431 2177 'id
448 2112 648 2197 patefactum
672 2117 705 2177 et
726 2113 938 2177 inlustratum
957 2117 1015 2197 est,
1035 2113 1111 2198 quid

106 2201 142 2264 in
165 2199 308 2264 amicitia
329 2200 401 2264 fieri
423 2204 561 2284 oportet,
585 2223 667 2285 quae
689 2205 761 2266 tota
783 2202 921 2266 veritate
945 2202 1111 2286 perpendi-

107 2288 183 2352 tur?
214 2289 249 2352 in
273 2310 337 2372 qua
358 2287 436 2372 nisi,
461 2292 499 2352 ut
526 2288 656 2367 dieitur,
689 2293 837 2374 apertum
863 2293 974 2374 peetus
1002 2289 1111 2354 videas

107 2381 262 2459 tuumque
286 2376 451 2459 ostendas,
477 2376 559 2440 nihil
582 2377 695 2457 fidum,
724 2377 807 2441 nihil
831 2378 1034 2461 exploratum
1057 2378 1112 2442 ha-

107 2466 195 2546 beas,
216 2485 257 2527 ne
281 2486 390 2529 amare
413 2464 541 2548 quidem
565 2469 621 2528 aut
640 2465 751 2548 amari,
770 2487 851 2547 eum,
869 2464 903 2529 id
922 2487 1019 2549 quam
1037 2487 1112 2531 vere

107 2552 175 2633 fiat,
197 2550 335 2638 ignores.
366 2551 567 2635 Quamquam
586 2551 651 2616 ista
666 2552 857 2636 adsentatio,
881 2554 1028 2636 quamvis
1041 2575 1112 2637 per·

107 2638 229 2703 nieiosa
257 2640 315 2718 sit,
346 2661 461 2704 noeere
488 2643 599 2704 tamen
623 2639 745 2703 nemini
768 2643 877 2724 potest
902 2640 967 2704 nisi
990 2641 1032 2722 ei,
1057 2640 1112 2723 qui

108 2748 179 2792 eam
201 2728 317 2812 reeipit
339 2731 436 2811 atque
460 2749 498 2791 ea
521 2727 707 2791 delectatur.
742 2727 795 2792 lta
816 2728 868 2810 fit,
890 2729 928 2791 ut
949 2726 977 2790 is
1002 2726 1112 2791 adsen-

107 2815 270 2879 tatoribus
292 2815 468 2900 patefaciat
492 2836 585 2879 aures
609 2836 684 2879 suas
707 2815 854 2894 maxime,
878 2814 933 2899 qui
955 2814 1025 2899 ipse
1049 2814 1112 2879 sibi

81 2903 295 2968 eoadsentetur
323 2906 355 2968 et
382 2925 416 2969 se
444 2903 582 2968 maxime
605 2902 675 2987 ipse
704 2903 848 2968 delectet.
894 2901 1033 2967 Omnino
1062 2907 1111 2967 est
1130 2917 1164 2968 98

108 3013 220 3055 amans
244 2991 295 3056 sui
317 2992 434 3075 virtus,
458 2994 589 3075 optume
613 2990 698 3055 enim
722 3013 756 3055 se
778 2991 851 3075 ipsa
872 2990 978 3074 novit,
1002 3012 1112 3074 quam-

108 3101 169 3163 que
193 3079 343 3144 amabilis
368 3080 424 3162 sit,
450 3078 622 3164 intellegit.
666 3077 739 3164 Ego
767 3083 876 3144 autem
899 3099 965 3144 non
989 3078 1028 3141 de
1050 3078 1112 3143 vir·

107 3170 177 3231 tute
199 3189 284 3232 nuno
311 3169 442 3251 loquor,
470 3167 526 3255 sed
553 3167 591 3231 de
618 3167 749 3232 virtutis
778 3167 937 3253 opinione.
981 3165 1112 3230 Virtute

107 3255 193 3319 enirn
215 3255 288 3341 ipsa
310 3277 376 3320 non
398 3259 467 3319 tam
494 3255 591 3319 multi
617 3255 758 3339 praediti
787 3277 857 3320 esse
887 3276 983 3339 quam
1010 3254 1113 3319 videri

107 3343 231 3408 volunt.
263 3341 332 3407 Hos
356 3343 495 3408 delectat
518 3343 710 3428 adsentatio,
732 3343 784 3408 his
802 3344 897 3408 fictus
912 3342 979 3408 adi
1001 3364 1112 3409 sorum

106 3431 310 3496 voluntatem
333 3453 438 3495 sermo
457 3453 530 3496 oum
549 3431 728 3516 adhibetur,
752 3431 879 3497 oration
918 3504 921 3509 ,
1081 3453 1113 3495 a·

106 3540 184 3583 nam
206 3518 429 3584 testimonium
445 3536 522 3584 ’esse
545 3519 677 3584 laudum
700 3542 831 3587 suarum
848 3424 958 3711 pu?
1078 3502 1114 3583 la
1206 3618 1214 3659 ¹
