2446 3944
466 144 705 238 --lar-¹

82 337 152 398 tute
177 333 234 415 sit,
255 332 338 396 nihil
361 353 431 396 esse
453 331 517 395 nisi
539 331 694 395 virtutem
715 330 845 395 bonum.
884 327 946 395 Sed
967 329 1087 396 Brutus

84 426 158 486 tuus
182 423 311 484 auctore
330 418 442 483 Aristo
466 423 501 483 et
517 418 678 483 Antiocho
697 440 762 483 non
781 419 880 482 sentit
896 418 971 501 hoc;
994 421 1088 501 putat

84 509 184 590 enim,
208 507 336 572 etiamsi
359 508 401 571 sit
423 507 545 571 bonum
568 505 697 590 aliquod
719 504 846 590 praeter
867 506 1029 570 virtutem.

149 601 195 661 M.
228 595 312 672 Quid
343 594 465 680 igitur?
497 601 609 660 contra
639 594 818 658 Brutumne
847 615 898 658 mc
928 593 1087 680 dicturum

83 684 200 768 putas?

148 771 189 836 A.
221 771 269 835 Tu
295 792 384 853 vero,
411 773 449 834 ut
475 769 615 854 videtur3
644 791 720 833 nam
747 770 917 852 praefinire
943 791 1010 834 non
1037 773 1087 834 est

83 882 198 923 meum.

149 953 194 1010 M.
218 946 301 1023 Quid
321 946 434 1028 cuique
452 945 553 1030 igitur
571 948 822 1009 consentaneum
842 945 898 1028 sit,
923 945 985 1008 alio
1004 944 1086 1009 loeo.
1105 961 1137 1009 22

84 1034 169 1098 Nam
192 1035 257 1098 ista
281 1033 361 1117 mihi
384 1036 416 1096 et
439 1053 511 1097 cum
529 1030 692 1098 Antiocho
711 1053 807 1115 saepe
830 1037 957 1096 etcum
974 1031 1087 1097 Aristo

82 1144 197 1205 nuper,
226 1143 297 1186 cum
320 1120 457 1185 Athenis
485 1120 661 1203 imperator
688 1120 773 1203 apud
796 1141 867 1184 eum
896 1120 1087 1203 deversarer,

84 1209 241 1274 dissensio
271 1209 343 1274 fuit.
397 1208 480 1272 Mihi
512 1208 596 1271 enim
626 1228 692 1272 non
719 1208 889 1272 videbatur
917 1207 1087 1292 quisquam

84 1320 154 1362 esse
173 1299 286 1362 beatus
305 1317 414 1381 posse,
438 1318 510 1360 cum
528 1296 564 1359 in
581 1296 675 1359 malis
694 1299 791 1378 esset3
813 1296 848 1359 in
866 1296 960 1359 malis
979 1299 1087 1359 autem

86 1387 263 1468 sapientem
288 1406 357 1449 esse
380 1405 490 1466 posse,
513 1383 541 1446 si
563 1387 671 1447 essent
691 1383 759 1447 ulla
781 1384 922 1466 corporis
946 1386 1002 1447 aut
1024 1384 1088 1448 for·

84 1477 181 1536 tunae
213 1472 309 1536 mala.
362 1471 561 1536 Dicebantur
591 1469 683 1555 haec,
715 1493 796 1553 quae
828 1471 957 1553 scripsit
989 1471 1086 1535 ctiam

84 1560 265 1623 Antiochus
306 1559 385 1623 locis
422 1559 585 1642 pluribus,
620 1559 774 1623 virtutem
815 1559 920 1642 ipsam
954 1581 1013 1642 per
1053 1580 1087 1624 se

84 1649 214 1712 beatam
231 1647 334 1712 vitam
352 1647 476 1710 efficere
495 1667 589 1730 posse
606 1668 709 1729 neque
726 1650 835 1711 tamen
852 1646 1101 1732 beatissimamp

83 1735 196 1800 deinde
215 1756 254 1798 ex
272 1734 392 1798 maiore
411 1738 503 1817 parte
521 1735 691 1818 plerasque
704 1756 756 1798 res
769 1735 939 1817 nominari,
957 1734 1087 1799 etiamsi

83 1845 163 1906 quae
191 1844 265 1906 pars
293 1822 432 1899 abesset,
459 1827 496 1886 ut
522 1822 621 1905 vires,
654 1825 691 1886 ut
716 1823 947 1906 valetudinem,
976 1827 1012 1887 ut
1041 1822 1086 1886 di-

82 1912 193 1993 vitiae,
225 1914 262 1974 ut
293 1908 460 1992 honorem,
491 1915 528 1974 ut
559 1910 711 1994 gloriam,
746 1933 827 1993 quae
859 1931 986 1995 genere,
1021 1932 1086 1975 non

82 2019 215 2062 nurnero
243 2001 461 2080 cernerentur3
489 1998 567 2061 item
596 1999 724 2062 beatam
753 1999 867 2082 vitam,
895 1999 1022 2063 etiamsi
1048 2022 1086 2063 ex

84 2087 193 2169 aliqua
215 2089 307 2168 parte
332 2085 508 2168 clauderet,
530 2089 640 2149 tamen
664 2107 702 2162 ex
724 2085 828 2151 multo
851 2087 973 2152 maiore
995 2091 1087 2170 parte

83 2175 230 2238 obtinere
252 2194 370 2237 nomen
393 2196 494 2238 suum.
544 2173 633 2238 Haec
655 2196 740 2239 nunc
763 2175 928 2239 enucleare
950 2196 1016 2239 non
1039 2175 1087 2239 ita
1105 2189 1138 2238 23

82 2284 212 2326 necesse
236 2264 297 2342 est,
325 2283 519 2344 quamquam
542 2284 609 2326 non
630 2259 891 2326 constantissime
920 2263 984 2326 dici
1005 2263 1086 2326 mihi

84 2350 240 2414 videntur.
275 2349 360 2413 Nam
380 2353 425 2432 et,
448 2350 502 2432 qui
521 2350 633 2414 beatus
655 2353 717 2427 est,
738 2371 804 2413 non
827 2350 991 2433 intelleg0,
1010 2350 1087 2433 quid

83 2437 238 2520 requirat,
266 2442 302 2501 ut
328 2437 372 2500 sit
398 2436 524 2500 beatior
551 2434 594 2521 (si
622 2441 671 2500 est
693 2438 791 2519 enim,
821 2438 905 2519 quod
928 2437 1024 2520 desit,
1045 2459 1086 2502 nc

84 2526 199 2589 beatus
228 2525 355 2609 quidem
383 2523 459 2608 est),
486 2528 531 2607 et,
557 2524 643 2607 quod
666 2546 704 2588 ex
727 2526 847 2589 maiore
874 2528 965 2607 parte
988 2547 1086 2589 unam

83 2634 241 2696 quamque
259 2634 328 2676 rem
352 2612 507 2695 appellari
532 2612 731 2695 spectarique
755 2612 880 2693 dicunt,
903 2614 953 2675 est
975 2612 1031 2675 ubi
1053 2612 1086 2676 id

81 2701 147 2764 isto
170 2699 264 2764 modo
288 2701 409 2782 valeat;
433 2721 504 2763 cum
523 2720 598 2763 vero
617 2700 681 2763 tria
703 2720 822 2784 genera
840 2699 998 2764 malorum
1016 2719 1086 2762 esse

84 2788 206 2871 dicant,
230 2788 286 2872 qui
308 2788 443 2852 duorum
467 2807 619 2868 generum
638 2787 733 2851 malis
753 2787 902 2851 omnibus
925 2789 1086 2871 urgeatur,

83 2880 121 2940 ut
139 2876 246 2940 omnia
265 2876 401 2940 advorsa
420 2876 485 2939 sint
506 2875 540 2938 in
562 2874 706 2959 fortuna,
729 2876 878 2940 omnibus
897 2895 1085 2958 oppressum

83 2985 199 3046 corpus
210 2968 243 3026 et
252 2963 431 3028 confectum
441 2962 615 3047 doloribus,
628 2963 702 3028 huic
716 2962 888 3046 paulumne
903 2961 943 3026 ad
957 2962 1085 3026 beatam

81 3053 183 3115 vitam
207 3050 316 3115 deesse
339 3052 494 3133 dicemus,
516 3072 583 3114 non
605 3051 700 3116 modo
724 3051 765 3116 ad
787 3048 1029 3116 beatissimam?

148 3138 219 3202 Hoc
246 3139 328 3203 illud
356 3141 417 3222 est,
446 3139 529 3222 quod
557 3138 799 3228 Theophrastus
832 3138 989 3203 sustinere
1019 3108 1136 3234 mall

82 3228 197 3310 potuit.
240 3227 327 3293 Nam
351 3249 422 3291 cum
448 3227 615 3290 statuisset
641 3227 786 3308 verbera,
813 3229 987 3307 tormenta,
1016 3247 1084 3290 cru·
1141 3242 1143 3247 ’

83 3316 199 3398 oiatus,
226 3316 350 3398 patriae
377 3315 571 3394 eversiones,
605 3314 713 3396 exilia,
745 3315 901 3378 orbitates
932 3334 1085 3397 magnam

81 3403 149 3468 vim
181 3403 300 3467 habere
332 3401 373 3466 ad
405 3402 488 3465 male
519 3401 697 3485 misereque
728 3402 911 3479 vivendum,
942 3425 1007 3467 non
1037 3406 1088 3466 est

82 3512 179 3555 ausus
203 3493 286 3556 elate
310 3494 342 3553 et
359 3490 466 3572 ample
487 3490 589 3573 loqui,
613 3512 684 3553 cum
702 3489 869 3554 humiliter
885 3491 1085 3574 demisseque
1127 3444 1183 3687 Ι
