2446 3944
534 192 764 258 -362—

140 354 257 419 fundus
290 355 346 418 aut
377 375 459 437 quae
490 353 567 417 talis
599 352 697 418 animi
729 352 834 436 figura
860 352 1007 436 intellegi
1038 357 1153 436 potest

141 446 197 506 aut
220 463 301 526 quae
323 445 416 505 tanta
438 441 570 506 omnino
591 440 777 522 capacitas?
821 440 876 503 An
898 440 1032 523 inprimi
1054 443 1151 524 quasi

141 551 247 594 ceram
266 531 409 593 animum
426 532 586 613 putamus,
605 531 638 591 et
652 548 720 592 esse
734 526 926 591 memoriam
942 529 1151 612 signatarum

140 638 248 681 rerum
274 617 309 680 in
335 619 442 681 mente
471 614 633 700 vestigia?
683 613 771 690 Quae
802 619 939 698 possunt
964 617 1151 701 verborum,

141 725 222 787 quae
253 725 361 768 rerum
391 704 535 787 ipsarum
567 724 637 767 esse
663 702 815 786 vestigia,
844 723 925 786 quae
951 725 1049 786 porro
1077 707 1150 769 tam

140 792 288 855 inmensa
327 791 535 875 magnitudo,
578 811 659 873 quae
695 790 754 853 illa
789 793 859 854 tam
898 790 1002 856 multa
1042 793 1150 874 possit

141 878 316 963 effingere?
362 878 467 955 Quid?
490 879 548 942 illa
570 878 619 943 vis
642 898 724 960 quae
746 877 878 942 tandem
901 881 963 956 est,
993 900 1076 963 quae
1099 880 1150 944 in-

140 967 283 1051 vestigat
301 966 439 1046 occulta,
459 987 541 1049 quae
555 966 698 1030 inventio
718 967 814 1048 atque
833 965 987 1048 cogitatio
1007 966 1148 1032 dicitur?

89 1067 122 1118 aa
141 1053 193 1118 Ex
219 1054 321 1118 hacne
348 1054 411 1119 tibi
437 1056 566 1117 terrena
592 1053 785 1135 mortalique
816 1056 933 1117 natura
964 1056 997 1117 et
1028 1053 1150 1120 caduca

141 1144 292 1208 concreta
318 1163 356 1206 ea
382 1140 520 1225 videtur,
547 1142 605 1205 aut
630 1141 686 1223 qui
713 1141 851 1224 primus,
887 1141 971 1225 quod
1003 1163 1148 1206 summac

94 1263 98 1282 ·
142 1230 318 1313 sapientiae
340 1228 546 1313 Pythagorae
568 1229 672 1293 visum
700 1231 763 1311 est,
791 1229 939 1293 omnibus
967 1229 1064 1293 rebus
1088 1232 1149 1293 im·

141 1318 250 1400 posuit
271 1317 415 1398 nomina,
440 1319 496 1380 aut
518 1316 573 1400 qui
596 1315 771 1398 dissipatos
798 1315 946 1380 homines
970 1337 1148 1401 congrega·

140 1404 190 1469 vit
217 1407 250 1468 et
272 1404 313 1468 ad
335 1404 523 1468 societatem
549 1403 636 1468 vitae
659 1403 861 1487 convocavit,
891 1407 949 1468 aut
971 1404 1027 1486 qui
1050 1425 1148 1469 sonos

141 1493 243 1574 vocis,
266 1491 321 1575 qui
343 1491 463 1555 infiniti
485 1490 689 1573 videbantur,
716 1492 826 1573 paucis
854 1491 1037 1554 litterarum
1058 1493 1148 1557 notis

141 1579 340 1663 terminavit,
363 1583 419 1642 aut
442 1578 498 1661 qui
519 1576 696 1642 errantium
719 1578 887 1642 stellarum
910 1600 1035 1663 cursus,
1057 1602 1150 1663 prae·

142 1667 340 1751 gressiones,
362 1666 548 1730 institiones
570 1665 719 1730 notavit?
760 1665 878 1730 Omnes
901 1666 1025 1748 magni,
1049 1666 1150 1732 etiam

143 1754 336 1837 superiores,
364 1754 420 1837 qui
446 1753 569 1836 fruges,
598 1753 654 1836 qui
680 1753 847 1835 vestitum,
880 1753 935 1837 qui
961 1756 1062 1832 tecta,
1093 1756 1149 1838 qui

143 1840 266 1906 cultum
293 1841 392 1924 vitae,
420 1841 475 1924 qui
501 1839 662 1924 praesidia
689 1844 804 1905 contra
832 1844 917 1904 feras
946 1841 1149 1921 invenerunt,

142 1928 297 2011 aquibus
320 1927 534 1991 mansuefacti
558 1931 590 1991 et
613 1927 731 1990 exculti
750 1950 769 1991 a
788 1928 978 1992 necessariis
1002 1929 1149 1995 artificiis

143 2014 184 2080 ad
202 2015 401 2098 elegantiora
424 2014 622 2078 defluximus.
657 2012 742 2078 Nam
763 2017 796 2079 et
819 2016 949 2079 auribus
970 2016 1149 2082 oblectatio

142 2122 260 2186 magna
291 2104 387 2185 parta
414 2105 464 2166 est
490 2102 622 2166 inventa
651 2105 684 2165 et
714 2105 894 2185 temperata
924 2103 1084 2167 varietate
1117 2111 1151 2170 et

142 2193 259 2254 natura
287 2210 453 2272 sonorum,
480 2193 513 2252 et
540 2192 629 2253 astra
656 2191 857 2272 suspeximus
885 2211 956 2254 cum
984 2211 1034 2273 ea,
1068 2213 1151 2274 quae

144 2281 220 2340 sunt
242 2277 341 2340 infixa
359 2277 455 2341 certis
478 2277 571 2358 locis,
593 2279 663 2339 tum
686 2277 744 2340 illa
760 2300 826 2342 non
843 2299 893 2360 re,
916 2278 972 2341 sed
991 2280 1152 2345 vocabulo

144 2365 295 2448 errantia,
329 2385 466 2447 quorum
499 2365 724 2428 conversiones
756 2366 921 2448 omnisque
953 2369 1061 2430 motus
1094 2369 1152 2450 qui

144 2451 252 2516 animo
284 2451 377 2529 vidit,
408 2452 437 2515 is
469 2451 579 2515 docuit
610 2452 750 2516 similem
782 2453 924 2515 animum
957 2475 1051 2516 suum
1080 2455 1151 2520 eius

92 2553 125 2602 aa
146 2560 228 2620 esse,
259 2538 316 2623 qui
347 2560 385 2603 ea
416 2539 593 2604 fabricatus
627 2544 712 2603 esset
741 2539 777 2601 in
808 2540 905 2604 caelo.
957 2538 1045 2604 Nam
1077 2564 1152 2607 cum

144 2626 354 2692 Archimedes
375 2628 484 2704 lunae,
508 2627 600 2709 solis,
623 2627 760 2710 quinque
784 2628 961 2691 errantium
982 2631 1092 2693 motus
1117 2631 1153 2694 in

145 2715 316 2799 sphaeram
348 2715 511 2798 inligavit,
543 2715 649 2778 effecit
679 2714 777 2797 idem,
809 2715 894 2798 quod
925 2715 993 2798 ille,
1029 2717 1084 2799 qui
1117 2718 1153 2781 in

144 2803 275 2867 Timaeo
298 2802 451 2866 mundum
474 2802 668 2883 aedificavit,
694 2801 841 2866 Platonis
869 2802 961 2886 deus,
987 2805 1024 2866 ut
1051 2804 1153 2868 tardi·

143 2894 211 2954 tate
248 2893 281 2954 et
317 2889 481 2954 celeritate
516 2889 749 2953 dissimillimos
788 2893 896 2954 motus
928 2911 992 2954 una
1023 2896 1153 2975 regeret

144 2978 319 3043 conversio.
365 2976 457 3053 Quod
480 2977 508 3040 si
530 2977 565 3040 in
587 2976 649 3041 hoc
671 2977 789 3041 mundo
815 2977 886 3041 fieri
908 2977 977 3041 sine
1001 2976 1060 3042 deo
1084 3001 1153 3043 non

143 3071 266 3151 potest,
293 3087 334 3130 ne
361 3065 396 3128 in
424 3063 562 3147 sphaera
589 3064 717 3148 quidem
745 3065 874 3129 eosdem
900 3068 1007 3129 motus
1035 3065 1152 3130 Archi·

145 3153 252 3217 medes
277 3154 344 3217 sine
368 3152 476 3216 divino
499 3152 628 3234 ingenio
652 3152 813 3233 potuisset
835 3152 965 3217 imitari.

92 3213 134 3336 ἐξ
210 3240 294 3304 Mihi
319 3262 395 3304 vero
422 3261 463 3303 ne
485 3239 564 3303 haec
591 3238 719 3322 quidem
746 3241 875 3304 notiora
902 3243 935 3304 et
961 3241 1153 3306 inlustriora

144 3348 252 3391 carere
280 3328 312 3390 vi
340 3327 449 3392 divina
475 3325 638 3411 videntur,
665 3330 702 3391 ut
730 3348 789 3411 ego
817 3331 874 3393 aut
900 3331 1029 3412 po'e'tam
1052 3349 1152 3412 grave

143 3413 336 3496 plenumque
351 3435 481 3478 carmen
495 3414 563 3478 sine
582 3415 714 3479 caelesti
733 3415 839 3499 aliquo
859 3415 975 3479 mentis
995 3416 1154 3481 instinctu

143 3504 256 3583 putem
277 3501 424 3586 fundere,
450 3504 507 3567 aut
534 3502 750 3587 eloquentiam
772 3504 841 3568 sine
863 3503 984 3568 maiore
1010 3504 1153 3587 quadam
