2446 3944
569 159 934 260 -164-'

180 368 215 429 et
240 363 346 442 iocum
368 362 449 428 faeti
476 385 546 429 esse
566 362 747 447 videamur,
774 362 816 428 ad
843 363 1049 428 severitatem
1075 365 1187 449 potius

180 454 214 516 et
237 450 278 516 ad
300 451 459 534 quaedam
481 451 589 516 studia
613 451 764 536 graviora
793 454 889 536 atque
917 452 1049 532 maiora.
1093 451 1185 518 Ludo

180 542 289 603 autem
312 542 345 603 et
367 539 438 604 ioco
461 540 511 604 uti
532 540 591 604 illo
615 538 744 623 quidem
766 539 856 623 licet,
886 539 943 605 sed
966 540 1049 604 sicut
1072 562 1185 606 somno

179 630 213 691 et
232 626 395 710 quietibus
413 627 528 693 ceteris
547 631 627 711 tum,
650 649 723 692 cum
742 628 896 714 gravibus
915 628 1070 712 seriisque
1089 629 1185 693 rebus

179 715 260 779 satis
273 714 453 781 fecerimus,
484 715 660 802 Ipsumque
674 736 775 801 genus
789 716 917 781 iocandi
934 737 1000 782 non
1017 717 1186 800 profusum

178 824 237 868 nec
253 803 493 890 immodestum,
515 805 571 870 sed
589 804 763 890 ingenuum
782 807 816 868 et
833 805 974 870 facetum
992 826 1063 869 esse
1082 805 1187 869 debet.

178 890 226 955 Ut
248 893 334 956 enim
356 893 465 978 pueris
487 914 555 958 non
577 914 705 957 omnem
727 892 857 957 ludendi
880 893 1044 957 licentiam
1063 893 1186 977 damus

180 979 236 1043 sed
258 1002 340 1065 eam,
363 1003 446 1065 quae
464 982 505 1047 ab
524 980 705 1046 honestatis
725 980 906 1045 actionibus
919 985 991 1044 'non
1009 981 1053 1044 sit
1071 981 1186 1064 aliena,

180 1067 226 1132 sic
252 1068 288 1134 in
313 1069 386 1155 ipso
408 1070 480 1135 ioco
504 1067 635 1152 aliquod
656 1067 752 1152 probi
773 1067 898 1152 ingenii
919 1068 1029 1132 lumen
1052 1070 1186 1133 eluceat.

128 1168 179 1219 104
192 1155 321 1242 Duplex
348 1157 479 1222 omnino
508 1159 557 1220 est
584 1153 710 1219 iocandi
736 1175 851 1239 genus,
878 1177 978 1218 unum
1005 1156 1185 1241 inliberale,

179 1246 340 1329 petulans,
358 1245 566 1330 flagitiosum,
585 1242 765 1324 obsquium,
780 1242 918 1305 alterum
933 1242 1074 1327 elegans,
1091 1245 1186 1308 urba·

178 1355 270 1416 num,
301 1333 530 1418 ingeniosum,¹
548 1330 697 1394 facetum.
747 1327 817 1404 Quo
846 1349 962 1414 genere
989 1351 1055 1394 non
1087 1333 1185 1396 modo

178 1420 314 1486 Plautus
340 1423 452 1485 noster
479 1421 512 1482 et
539 1417 723 1481 Atticorum
751 1417 885 1501 antiqua
917 1417 1095 1501 comoedia,
1128 1420 1185 1483 sed

180 1509 279 1574 etiam
305 1506 574 1594 philosophorum
597 1502 835 1570 Socraticorum
863 1505 940 1569 libri
962 1504 1075 1569 referti
1097 1511 1184 1589 sunt,

179 1598 346 1680 multaque
367 1596 544 1660 multorum
566 1592 670 1658 facete
693 1593 792 1678 dieta,
818 1596 856 1658 ut
879 1616 929 1676 ea,
960 1616 1041 1677 quae
1065 1616 1084 1657 a
1107 1615 1183 1658 sene

178 1682 302 1748 Catone
315 1681 451 1747 collecta
465 1684 548 1763 sunt,
563 1702 645 1763 quae
658 1685 776 1745 vocant
790 1677 1042 1765 ἀποφθέγματα.
1063 1680 1182 1746 Facilis

177 1770 279 1856 igitur
302 1772 352 1833 est
375 1767 539 1833 distinctio
562 1767 695 1853 ingenui
717 1771 750 1832 et
775 1768 955 1834 inliberalis
978 1769 1048 1834 ioci.
1089 1769 1184 1834 Alter

178 1859 241 1940 est,
268 1856 297 1920 si
319 1859 465 1940 tempore
491 1855 543 1940 fit,
570 1858 608 1920 ut
635 1855 664 1920 si
691 1855 827 1920 remisso
856 1857 977 1940 anim0‚
1001 1860 1184 1940 probissimo

177 1943 307 2009 homine
329 1943 457 2028 dignus,
479 1944 625 2008 alterne
648 1943 751 2008 libero
774 1943 912 2027 quidem,
936 1945 965 2007 si
986 1966 1094 2009 rerum
1117 1950 1183 2009 tur-

177 2031 317 2120 pitudini
331 2031 502 2096 adhibetur
515 2031 688 2095 verborum
701 2030 895 2095 obscenitas.
923 2029 1068 2095 Ludendi
1083 2034 1183 2098 etiam

178 2123 228 2185 est
251 2118 382 2203 quidam
404 2119 519 2184 modus
536 2116 732 2200 retinendus,
752 2121 792 2181 ut
808 2139 849 2182 ne
867 2118 963 2182 nimis
982 2120 1091 2183 omnia
1109 2142 1183 2202 pro-

176 2206 348 2272 fimdamus
372 2207 512 2290 elatique
534 2207 700 2290 voluptate
722 2205 757 2269 in
780 2205 922 2289 aliquam
947 2206 1183 2290 turpitudinem

178 2295 374 2360 delabamur.
420 2293 634 2379 Suppeditant
661 2296 770 2357 autem
797 2297 831 2358 et
858 2293 990 2378 campus
1014 2298 1125 2358 noster
1149 2301 1183 2360 et

179 2382 286 2447 studia
307 2382 446 2446 venandi
468 2382 605 2446 honesta
628 2382 776 2464 exempla
798 2381 937 2446 ludendi.

126 2441 176 2568 {0⁰5
243 2467 306 2533 Sed
323 2469 465 2554 pertinet
483 2468 525 2534 ad
541 2490 671 2535 omnem
690 2469 788 2533 officii
810 2470 1032 2553 quaestionem
1055 2477 1182 2554 semper

177 2557 211 2621 in
225 2560 379 2642 promptu
392 2556 521 2642 habere,
540 2560 698 2640 quantum
719 2562 837 2622 nature
850 2557 991 2622 hominis
1005 2559 1181 2641 pecudibus

176 2644 372 2728 reliquisque
394 2645 500 2710 beluis
528 2645 709 2729 antecedat3
738 2645 816 2710 illae
837 2645 920 2710 nihil
949 2645 1092 2710 sentiunt
1118 2647 1182 2710 nisi

176 2733 379 2818 voluptatem
402 2734 444 2798 ad
462 2753 596 2817 eamque
612 2732 762 2798 fenmtur
782 2734 871 2799 omni
888 2734 1021 2819 impetu,
1039 2733 1182 2799 hominis

177 2823 285 2885 autem
309 2842 400 2886 mens
423 2821 573 2887 discendo
597 2821 696 2886 alitur
717 2825 752 2886 et
775 2822 956 2907 cogitand0,
980 2842 1106 2905 semper
1125 2823 1182 2886 eli-

177 2908 254 2993 quid
277 2912 333 2974 eut
356 2909 500 2993 anquirit
523 2912 579 2975 eut
602 2909 672 2995 agit
694 2909 885 2993 videndique
908 2913 942 2974 et
962 2909 1111 2974 audiendi
1130 2909 1182 2974 de

176 2997 349 3063 lectatione
372 2998 507 3063 ducitur.
553 2995 636 3072 Quin
660 2997 772 3082 etiam,
799 2998 828 3062 si
850 2998 922 3081 quis
946 3001 997 3061 est
1019 2998 1116 3082 paulo
1141 2999 1183 3062 ad

176 3085 362 3168 voluptates
380 3085 580 3172 propensior,
598 3085 694 3150 modo
713 3106 753 3149 ne
772 3085 817 3149 sit
836 3108 873 3151 ex
886 3085 1045 3169 pecudum
1064 3106 1182 3172 genere

176 3168 267 3254 (sunt
289 3173 376 3239 enim
399 3173 530 3257 quidem
552 3173 699 3238 homines
720 3194 788 3236 non
809 3194 853 3256 re,
876 3174 932 3237 sed
950 3173 1103 3259 nomine),
1126 3175 1183 3240 sed

177 3257 205 3321 si
228 3259 299 3341 quis
318 3264 368 3325 est
386 3263 484 3347 paulo
504 3261 648 3345 erectior,
672 3261 820 3345 quamvis
837 3263 1007 3347 voluptate
1026 3262 1183 3347 capiatur,

176 3346 318 3411 occultat
350 3351 382 3412 et
415 3348 599 3414 dissimulat
627 3350 807 3433 appetitum
833 3350 1014 3434 voluptatis
1046 3354 1183 3435 propter

124 3446 173 3497 106
187 3435 420 3501 verecundiam.
455 3436 507 3504 Ex
524 3458 588 3520 quo
602 3436 806 3522 intellegitur
820 3438 963 3522 eorporis
976 3439 1183 3522 voluptatem

91 3562 94 3567 ·
174 3542 241 3586 non
268 3522 348 3588 satis
376 3545 446 3589 esse
473 3524 607 3610 dignam
633 3524 774 3589 bominis
800 3526 1015 3610 praestantia,
1047 3547 1183 3612 eamque
