2446 3944
527 189 768 258 -206-

91 370 123 420 51
142 353 222 420 iuris
245 353 350 418 civilis
372 354 407 418 in
429 353 543 438 primis
566 352 689 437 peritus
711 351 783 416 fuit.
829 350 939 435 Atque
962 353 1061 417 etiam
1084 352 1147 418 hoc

143 445 350 527 praeceptum
377 441 476 507 officii
503 440 676 525 diligenter
703 439 877 504 tenendum
901 442 964 524 est,
986 463 1026 505 ue
1051 463 1146 525 quem

142 551 296 613 umquam
318 529 521 594 innocentem
542 528 660 593 iudicio
684 527 799 612 eapitis
819 549 982 612 arcessas3
1004 529 1038 593 id
1061 528 1148 592 enim

144 618 212 681 sine
240 617 359 682 scelere
386 617 456 682 fieri
482 616 573 681 nullo
601 618 697 700 pacto
725 618 843 700 potest.
887 614 974 679 Nam
997 615 1075 700 quid
1098 619 1149 680 est

142 708 212 769 tam
233 705 445 769 inhumanum
463 727 561 789 quam
580 704 797 788 eloquentiam
820 725 840 768 a
859 705 978 768 natura
1001 704 1042 768 ad
1060 704 1149 768 salu-

142 795 209 856 tem
232 793 400 857 hominum
428 797 460 857 et
487 793 528 858 ad
550 791 827 857 conservationem
850 791 959 855 datam
982 792 1024 856 ad
1045 792 1148 856 bono-

143 903 215 944 rum
236 884 363 964 pestem
385 880 622 966 perniciemque
645 879 853 945 convertere?
889 877 958 944 Nec
976 882 1096 964 tamen,
1110 883 1148 943 ut

143 968 205 1032 hoc
226 967 414 1054 firgiendum
442 971 505 1053 est,
531 969 612 1032 item
639 970 689 1032 est
711 967 896 1031 habendum
918 967 1070 1053 religioni
1091 989 1148 1032 no·

144 1058 269 1120 centem
292 1056 479 1141 aliquando,
501 1056 597 1120 modo
620 1077 661 1120 ne
679 1054 839 1119 nefarium
860 1055 1071 1139 impiumque,
1095 1055 1147 1119 de-

142 1143 286 1229 fendere3
308 1145 380 1209 vult
402 1144 464 1209 hoc
487 1143 675 1227 multitudo,
698 1143 824 1227 patitur
846 1144 1058 1226 cousuetudo,
1080 1142 1148 1206 fert

144 1232 242 1295 etiam
265 1232 460 1296 humanitas.
495 1230 614 1295 Iudicis
633 1235 683 1295 est
705 1252 832 1314 semper
853 1231 889 1295 in
907 1232 1012 1295 causis
1035 1253 1148 1296 verum
1197 1312 1200 1317 ν

145 1320 249 1403 sequi,
272 1320 403 1404 patroni
425 1341 491 1384 non
512 1341 689 1403 numquam
707 1319 776 1384 veri
795 1318 914 1403 simile,
938 1319 1067 1383 etiamsi
1090 1319 1148 1382 mi-

143 1429 204 1472 nus
232 1407 275 1472 sit
302 1430 427 1492 verum,
456 1407 638 1490 defendere,
666 1407 751 1491 quod
775 1407 927 1491 seribere,
954 1407 1148 1492 praesertim

144 1517 217 1560 cum
249 1495 287 1559 de
318 1496 525 1580 philosophia
562 1495 749 1578 scriberem,
785 1516 851 1559 non
883 1495 1048 1579 auderem,
1083 1495 1148 1558 nisi

143 1582 228 1647 idem
243 1584 385 1667 placeret
400 1583 591 1668 gravissimo
606 1581 797 1665 Stoicorum,
810 1581 974 1648 Panaetio.
996 1583 1148 1647 Maxume

145 1675 254 1736 autem
277 1675 310 1735 et
329 1671 434 1756 gloria
452 1672 578 1755 paritur
596 1674 629 1734 et
648 1671 756 1756 gratia
774 1670 1026 1755 defensionibus,
1046 1692 1149 1754 coque

145 1759 257 1841 maior,
285 1759 313 1822 si
341 1759 468 1841 quando
496 1759 625 1842 accidit,
653 1762 690 1823 ut
712 1758 742 1821 ei
765 1758 982 1842 subveniatur,
1010 1758 1066 1842 qui
1093 1780 1149 1842 po-

144 1846 244 1910 tentis
259 1845 393 1911 alieuius
408 1847 523 1930 opibus
537 1846 761 1911 circumveniri
778 1847 971 1931 urguerique
990 1847 1148 1930 videatur,

144 1937 182 1998 ut
204 1955 263 1998 nos
287 1937 320 1997 et
342 1955 437 2017 saepe
461 1933 542 1998 alias
565 1937 598 1997 et
616 1933 836 1998 adulescentes
855 1938 969 1999 eontra
986 1933 1022 1999 L.
1037 1932 1148 1998 Sullae

146 2021 342 2086 dominantis
374 2042 452 2105 opes
483 2043 542 2105 pro
571 2019 641 2086 Sex.
663 2020 781 2086 Roscio
815 2020 970 2087 Amerino
1002 2021 1148 2106 fecimus,

146 2131 242 2193 quae,
265 2112 302 2173 ut
326 2109 401 2192 scis,
424 2112 530 2173 exstat
553 2108 666 2173 oratio.

212 2194 274 2260 Sed
297 2197 451 2280 expositis
475 2197 727 2262 adulescentium
755 2196 884 2281 officiis,
912 2219 994 2281 quae
1016 2199 1148 2263 valeant

146 2285 187 2349 ad
210 2284 349 2369 gloriam
373 2284 624 2368 adipiscendam,
647 2284 796 2368 deinceps
820 2286 858 2350 de
876 2286 1088 2350 beneficentia
1110 2307 1148 2350 ac

146 2373 184 2437 de
207 2372 405 2437 liberalitate
433 2372 600 2437 dicendum
628 2375 691 2455 est,
718 2373 807 2437 ouius
835 2377 886 2438 est
908 2373 992 2438 ratio
1016 2373 1147 2456 duplex3

145 2482 221 2525 nam
249 2464 306 2524 aut
333 2482 431 2544 opera
453 2461 592 2546 benigne
619 2461 658 2524 fit
679 2459 900 2545 indigentibus
924 2465 981 2526 aut
1002 2460 1146 2544 pecunia.

144 2547 285 2613 Facilior
314 2552 364 2612 est
386 2549 466 2614 haec
487 2548 657 2633 posterior,
679 2548 834 2632 locupleti
855 2549 1061 2633 praesertim,
1090 2548 1148 2612 sed

145 2635 204 2701 illa
222 2636 343 2701 lautior
357 2659 394 2701 ac
409 2636 606 2721 splendidior
621 2638 653 2700 et
666 2635 737 2700 viro
750 2636 831 2701 forti
845 2637 996 2721 claroque
1011 2636 1148 2722 dignior.

146 2723 349 2809 Quamquam
368 2725 452 2788 cuim
469 2724 505 2789 in
522 2728 659 2808 utroque
676 2723 761 2788 inest
780 2725 984 2809 gratificandi
1002 2724 1148 2788 liberalis

145 2813 311 2896 voluntas,
334 2815 444 2876 tamen
467 2812 572 2889 altera
594 2834 632 2876 ex
656 2833 745 2896 arca,
769 2812 873 2877 altera
896 2835 934 2877 ex
953 2812 1074 2877 virtute
1097 2812 1149 2876 de·

145 2901 315 2984 promitur,
334 2900 543 2986 largitioque,
562 2921 643 2983 quae
661 2900 699 2963 fit
718 2921 757 2962 ex
779 2922 815 2964 re
832 2900 1001 2984 familiari,
1022 2900 1149 2965 fontem

144 2988 253 3072 ipsum
274 2989 486 3073 benignitatis
509 2987 666 3052 exhaurit.
701 2986 754 3052 Ita
775 2988 978 3073 benignitate
1000 2987 1149 3073 benigni-

145 3080 197 3140 tas
220 3076 363 3160 tollitu13
386 3098 450 3160 qua
473 3098 536 3160 quo
558 3075 593 3140 in
614 3074 724 3158 plures
747 3097 824 3141 usus
843 3076 901 3161 sis,
925 3097 962 3140 eo
985 3075 1092 3140 minus
1113 3076 1150 3140 in

93 3176 126 3226 53
145 3165 266 3228 multos
285 3163 335 3228 uti
352 3163 468 3248 possis.
503 3162 549 3226 At
568 3161 623 3246 qui
641 3184 752 3246 opera,
772 3163 805 3228 id
828 3168 878 3228 est
900 3164 1022 3228 virtute
1045 3167 1078 3227 et
1099 3164 1150 3227 in-

146 3251 283 3332 dustria,
301 3251 436 3315 benefici
455 3254 487 3315 et
505 3250 656 3314 liberales
675 3254 782 3335 erunt,
800 3252 954 3335 primum,
969 3273 1032 3335 quo
1050 3251 1150 3335 pluri-

145 3339 206 3402 bus
229 3337 423 3423 profuerint,
453 3360 491 3404 eo
518 3339 627 3422 plures
660 3337 701 3402 ad
727 3339 866 3424 benigne
888 3338 1071 3404 faciendum
1094 3339 1150 3403 ad-

144 3425 268 3489 iutores
290 3425 470 3510 habebunt,
494 3426 568 3490 dein
590 3427 819 3491 consuetudine
842 3427 1072 3492 beneficentiae
1095 3449 1150 3511 pa·

145 3512 283 3577 ratiores
307 3516 402 3578 erunt
429 3517 462 3578 et
488 3517 657 3598 tamquam
680 3515 920 3582 exercitatiores
943 3515 985 3581 ad
1007 3516 1088 3580 bene
1111 3515 1151 3580 de

92 2176 136 2300 a
