2446 3944
466 178 707 245 -297-

81 343 158 410 nilis
182 342 260 428 quid
283 343 347 408 sibi
369 344 458 428 velit,
479 365 545 408 11011
567 343 738 430 intelleg03
765 347 875 430 potest
897 343 984 409 enim
1006 344 1091 429 quio·

83 455 181 516 quam
200 453 271 495 esse
291 431 460 496 absurdius
484 453 591 517 quam,
614 453 678 516 quo
696 431 769 497 viae
789 432 896 497 minus
919 436 1030 517 restet,
1052 455 1090 498 eo

82 522 157 605 plus
180 519 292 584 viatici
315 519 491 602 quaerere?

149 607 273 683 Quarta
299 610 403 671 restat
430 628 541 691 causa,
570 628 652 691 quae
680 606 819 672 meximc
847 627 966 694 angere
994 610 1091 690 atque
1102 608 1144 673 19

84 696 259 761 sollicitam
281 695 401 759 habere
423 698 571 760 nostram
593 698 736 760 aetatem
757 695 898 779 videtur,
921 694 1092 780 adpropin-

83 785 195 868 quatio
218 783 342 866 mortis,
366 804 448 867 quac
471 786 557 848 certe
580 785 787 849 asenectute
809 804 876 847 11011
892 787 1003 867 potest
1021 805 1091 848 esse

83 873 190 956 longe.
227 870 254 935 Ο
273 871 428 935 miserum
447 892 565 954 senem,
588 870 644 953 qui
662 873 803 934 mortem
825 871 1092 936 contemnendam

84 980 155 1023 esse
178 959 213 1022 in
234 961 303 1024 tam
325 959 426 1044 longa
448 961 556 1024 aetate
578 979 645 1022 non
661 958 793 1023 viderit!
818 979 899 1042 quae
920 962 977 1024 aut
994 960 1091 1043 plane

82 1047 285 1132 neglegenda
299 1049 358 1129 est,
377 1047 406 1110 si
420 1045 551 1111 omnino
566 1045 728 1131 extinguit
746 1046 898 1130 animum,
917 1049 973 1111 aut
992 1047 1091 1111 etiam

84 1134 237 1218 optanda,
259 1134 288 1198 si
311 1135 420 1219 aliquo
444 1157 518 1199 eum
541 1134 677 1218 deducit,
700 1134 757 1199 ubi
781 1134 824 1198 sit
841 1133 970 1198 futurus
989 1138 1091 1197 aeter-

82 1244 158 1306 nus,
191 1222 282 1305 atqui
308 1223 443 1287 tertium
469 1225 555 1288 certe
582 1222 665 1286 nihil
691 1222 831 1287 inveniri
858 1225 981 1306 potest,
1014 1221 1091 1305 quid
1110 1237 1142 1288 61

83 1310 186 1395 igitur
217 1310 366 1395 timeam,
398 1310 428 1374 si
458 1313 516 1374 aut
545 1331 613 1375 non
639 1310 738 1375 miser
764 1313 841 1395 post
868 1312 1007 1374 mortem
1035 1312 1092 1374 aut

84 1399 200 1463 beatus
224 1398 323 1462 etiam
345 1397 473 1462 futurus
498 1399 591 1462 sum?
628 1397 832 1482 Quamquam
855 1398 925 1481 quis
949 1400 1000 1461 est
1022 1402 1092 1462 tam

85 1488 215 1569 stultus,
238 1485 385 1569 quamvis
409 1485 453 1549 sit
476 1485 672 1568 adulescens,
695 1485 747 1550 cui
769 1485 812 1549 sit
835 1487 1039 1569 exploratum
1058 1507 1092 1549 se

86 1573 127 1639 ad
153 1595 325 1657 vesperum
352 1594 421 1637 esse
448 1573 632 1637 victurum?
677 1571 761 1647 Quin
789 1572 888 1636 etiam
915 1576 1005 1638 aetas
1033 1573 1093 1637 illa

85 1662 189 1726 multo
208 1661 318 1745 plures
338 1682 436 1743 quam
453 1664 568 1725 nostra
586 1681 678 1724 casus
697 1659 812 1724 mortis
831 1660 943 1744 habet,
963 1660 1092 1726 facilius

83 1749 120 1813 111
146 1750 277 1814 morbos
304 1748 449 1812 incidunt
479 1747 713 1831 adulescentes,
747 1747 878 1832 gravius
910 1751 1093 1834 aegrotant,

83 1836 212 1901 tristius
231 1840 394 1901 curantur.
424 1834 538 1918 Itaque
556 1835 652 1920 pauci
668 1834 803 1900 veniunt
821 1834 862 1899 ad
879 1839 1093 1920 senectutem3

87 1924 173 2007 quod
200 1925 235 1988 ni
261 1924 310 1988 ita
337 1923 507 2006 accideret,
538 1923 655 1988 melius
687 1926 720 1987 et
751 1921 941 2008 prudentius
971 1923 1093 1989 rivere·

86 2016 149 2076 tur.
184 2011 276 2076 Mens
300 2012 386 2075 enim
409 2015 442 2076 et
464 2011 549 2076 ratio
573 2015 605 2076 et
629 2010 800 2077 consilium
821 2010 857 2074 in
879 2012 1010 2076 senibus
1029 2015 1093 2096 est3

88 2099 144 2183 qui
165 2099 193 2164 si
215 2100 299 2165 nulli
320 2099 465 2184 fuissent,
486 2102 597 2166 nullae
620 2099 752 2164 omnino
775 2098 924 2164 civitates
945 2099 1093 2165 fixissent

87 2185 150 2252 Sed
171 2189 267 2253 redeo
295 2186 336 2252 ad
362 2191 501 2252 mortem
526 2188 763 2273 inpendentem.
808 2186 901 2262 Quod
929 2192 979 2251 est
1005 2188 1093 2253 istud

87 2275 208 2341 crimen
231 2276 415 2360 senectutis,
438 2297 510 2340 cum
530 2276 564 2340 id
582 2276 612 2340 ei
629 2276 766 2342 videatis
786 2297 859 2340 cum
878 2275 1093 2340 adulescentia

87 2385 158 2428 esse
180 2364 371 2429 commune?
416 2360 509 2427 Sensi
531 2384 592 2448 ego
615 2363 650 2427 in
672 2364 797 2448 optimo
819 2363 904 2440 filio,
926 2366 963 2426 tu
985 2362 1020 2426 111
1043 2385 1093 2426 ex·
1111 2377 1145 2426 68

86 2451 226 2534 pectatis
250 2452 290 2516 ad
313 2450 549 2534 amplissimam
572 2451 764 2535 dignitatem
786 2449 954 2533 fratribus,
977 2447 1094 2534 Scipio,

87 2542 226 2603 mortem
250 2539 338 2602 omni
361 2537 463 2602 aetati
485 2558 555 2601 esse
578 2559 788 2603 communem.
824 2537 871 2601 At
890 2541 1000 2621 sperat
1019 2536 1094 2601 adn·

87 2627 211 2692 lescens
235 2626 290 2689 diu
313 2647 346 2689 se
364 2625 535 2709 victurum,
558 2624 644 2708 quod
662 2646 791 2709 sperare
808 2624 895 2689 idem
913 2645 1011 2689 senex
1027 2645 1094 2688 non

86 2717 205 2798 potest.
245 2713 440 2797 Insipienter
463 2716 582 2796 sperat.
622 2711 705 2787 Quid
729 2711 814 2775 enim
839 2711 972 2776 stultius
997 2731 1093 2794 quam

86 2803 211 2867 incerta
233 2823 292 2886 pro
315 2801 414 2866 certis
436 2801 565 2885 habere,
586 2799 672 2865 falsa
694 2820 754 2884 pro
775 2798 882 2863 veris?
927 2797 974 2861 At
997 2818 1094 2861 senex

86 2910 127 2952 ne
159 2888 245 2972 quod
277 2893 386 2975 speret
417 2888 547 2972 quidem
576 2888 684 2952 habet.
733 2884 780 2950 At
808 2888 858 2951 est
890 2907 927 2951 eo
959 2885 1094 2950 meliore

88 2977 272 3042 condicione
293 2999 390 3061 quam
409 2977 605 3060 adulescens,
628 2974 773 3060 quodid,
796 2974 881 3059 quod
898 2973 956 3037 ille
974 2976 1094 3057 sperat,

87 3063 141 3128 hic
163 3069 354 3130 consecutus
377 3068 439 3149 est,
462 3065 519 3128 ille
541 3065 614 3130 vult
636 3064 690 3129 diu
711 3064 829 3144 vivere,
851 3061 904 3126 hic
927 3061 981 3125 diu
1003 3059 1094 3125 vixit.

88 3149 304 3236 Quamquam,
337 3175 356 3218 o
384 3153 418 3216 di
443 3153 533 3217 boni!
566 3152 643 3236 quid
670 3155 720 3216 est
746 3151 781 3214 in
807 3149 949 3214 hominis
976 3151 1094 3213 natura
1113 3161 1146 3213 09

87 3238 165 3303 diu?
210 3239 261 3305 Da
285 3241 371 3305 enim
395 3261 556 3304 summum
578 3243 716 3324 tempus,
738 3240 943 3324 expectemus
966 3236 1095 3301 Tartes-

89 3327 211 3392 siorum
234 3328 320 3412 regis
349 3330 489 3392 aetatem
518 3325 595 3411 (fuit
622 3328 720 3410 enim,
747 3329 785 3389 ut
811 3325 969 3409 scriptum
992 3326 1096 3411 video,

87 3413 337 3500 Arganthonius
365 3415 495 3498 quidam
517 3413 676 3498 Gadibus,
703 3413 759 3498 qui
786 3413 954 3498 octoginta
979 3338 1167 3704 regna(

86 3503 137 3568 vit
173 3524 290 3587 annos,
326 3505 455 3567 centum
489 3502 609 3589 viginti
644 3499 741 3588 vixit)
774 3537 817 3549 —
849 3501 906 3567 sed
941 3501 1024 3568 mihi
1053 3520 1098 3573 no,
