2446 3944
465 196 705 261 —549-

82 357 219 442 fugeret,
242 356 412 439 quisquam
436 357 609 440 aliquando
631 357 755 441 fuisset,
776 378 880 441 neque
903 360 1017 422 cuncta
1038 357 1084 423 in·

85 445 180 530 genia
211 445 341 509 conlata
371 444 406 508 in
436 465 536 509 unum
568 448 696 509 tantum
726 465 822 528 posse
848 466 913 511 uno
940 448 1085 530 ternpore

83 532 264 616 providere,
291 535 328 597 ut
355 532 463 596 omnia
490 533 778 616 complecterentur
805 532 872 597 sine
895 554 1002 598 rerum
1024 554 1085 598 usu

85 643 122 685 ac
144 623 316 685 vetustate.
352 617 456 694 Quam
478 620 520 683 ob
543 641 621 702 rem,
643 623 680 684 ut
701 619 758 682 ille
779 620 915 702 solebat,
936 621 984 685 ita
1000 636 1118 686 11113

85 729 157 771 mea
182 711 308 792 repetat
335 708 440 773 oratio
466 707 580 792 populi
607 706 809 792 originem3
840 707 978 772 libenter
999 709 1085 773 enim

85 795 184 859 etiam
210 796 308 860 verbo
335 799 410 859 utor
433 793 575 860 Catonis.
611 793 751 859 Facilius
775 798 896 876 autem,
927 795 1012 879 quod
1035 800 1085 861 est

83 883 296 968 propositum,
315 881 320 965 Ι
341 904 525 966 consequar,
549 883 577 946 si
599 885 746 947 nostram
768 903 837 946 rem
854 882 959 966 publi·
978 885 1017 962 [p.
1032 899 1083 948 28⁷

85 991 155 1035 cam
177 970 270 1034 vobis
293 975 326 1035 et
347 973 533 1036 nascentem
556 974 589 1034 et
611 972 806 1035 crescentem
829 973 863 1034 et
885 969 1029 1034 adultam
1052 975 1085 1036 et

83 1057 151 1123 iam
172 1058 300 1122 firmam
323 1062 420 1143 atque
442 1059 611 1123 robustam
634 1057 813 1141 ostender0,
837 1079 934 1140 quam
956 1057 985 1121 si
1004 1058 1085 1122 milri

85 1146 237 1230 aliquam,
259 1150 296 1210 ut
319 1147 403 1230 apud
424 1146 596 1212 Platonem
620 1144 778 1229 Socrates,
799 1145 869 1228 ipse
892 1145 1023 1210 finxero.

152 1233 221 1299 Hoc
250 1256 323 1298 cum
352 1256 463 1299 omnes
493 1234 772 1318 adprobavissent,
802 1231 894 1307 Quod
919 1223 1119 1317 habemus,2

42 1396 47 1409 ι
84 1321 204 1405 inquit,
234 1322 404 1387 institutae
434 1323 482 1386 rei
512 1322 661 1406 publicae
692 1324 761 1385 tam
793 1321 916 1385 clarum
947 1343 985 1384 ac
1016 1300 1120 1386 11114Ε

85 1409 234 1473 omnibus
252 1412 365 1473 notum
384 1410 548 1473 exordium
568 1431 664 1493 quam
681 1408 776 1472 huius
794 1409 884 1472 urbis
904 1408 1085 1473 condendae

85 1495 278 1579 principium
300 1495 480 1579 profectum
502 1519 522 1560 a
539 1497 701 1561 Romulo?
725 1495 780 1580 qui
797 1499 890 1580 patre
908 1495 1013 1560 Marte
1030 1518 1086 1560 na-

85 1587 138 1647 tus
162 1579 395 1670 (conceldamus
419 1583 504 1648 enim
526 1583 632 1648 famae
653 1583 834 1668 hominum,
861 1605 950 1667 prae
975 1585 1085 1663 [1118

86 1670 199 1734 sertim
225 1693 292 1735 non
313 1672 512 1736 inveteratae
536 1673 654 1753 solum,
681 1672 737 1736 sed
760 1671 859 1736 etiam
882 1671 1044 1755 sapienter
1067 1693 1086 1735 a

86 1750 262 1822 maioribus
285 1759 440 1844 proditae,
462 1761 543 1823 bene
567 1759 674 1823 meriti
693 1759 845 1823 derebus
864 1759 1086 1824 communibus

84 1849 123 1911 ut
150 1867 266 1930 genere
293 1847 392 1911 etiam
413 1851 619 1932 putarentur,
645 1868 711 1910 non
733 1847 839 1910 solum
861 1847 991 1931 ingenio
1015 1868 1086 1911 esse

86 1931 209 2018 divino)
232 1971 276 1979 -
297 1934 326 1998 is
353 1935 467 2019 igitur,
493 1939 530 2000 ut
557 1938 653 1999 natus
682 1934 738 2017 sit,
766 1955 838 1998 cum
860 1933 962 1998 Remo
984 1933 1086 1999 fratre

86 2021 202 2085 dicitur
221 2022 262 2086 ab
282 2020 423 2105 Amulio,
445 2044 521 2108 rege
539 2021 678 2105 Albano,
697 2022 738 2086 ob
757 2021 975 2086 labefactandi
992 2022 1086 2107 regni

84 2110 236 2174 timorem
262 2109 304 2174 ad
327 2109 469 2173 Tiberim
492 2111 608 2194 exponi
629 2110 736 2174 iussus
759 2130 842 2194 esse3
872 2131 935 2192 quo
957 2109 992 2173 in
1014 2110 1086 2174 loco

85 2219 158 2262 oum
181 2201 266 2262 esset
289 2197 448 2263 silvestris
470 2198 584 2262 beluae
605 2196 609 2279 l
630 2201 829 2262 sustentatus
851 2197 956 2262 uberi·
979 2199 1019 2277 [p.
1035 2213 1086 2262 111

84 2286 146 2349 bus
173 2289 384 2370 pastoresque
412 2308 486 2349 eum
508 2285 716 2349 sustulissent
738 2288 771 2347 et
793 2284 828 2347 in
851 2284 973 2369 agresti
996 2285 1086 2349 cultu

86 2372 258 2455 laboreque
282 2373 451 2454 aluissent,
473 2373 673 2455 perhibetur,
695 2374 733 2434 11
755 2370 942 2453 adoleverit,
965 2373 997 2433 11
1020 2391 1086 2435 111-

85 2459 174 2542 poris
196 2459 319 2522 viribus
343 2462 376 2522 11
398 2459 499 2522 animi
519 2458 688 2523 ferocitate
709 2460 839 2521 tantum
862 2456 977 2520 ceteris
997 2479 1087 2539 prae·

86 2545 223 2628 stitisse,
245 2549 283 2609 ut
305 2566 431 2627 omnes,
454 2545 602 2629 quitum
625 2566 679 2609 eos
703 2565 813 2628 agros,
840 2543 897 2607 ubi
917 2543 1013 2607 hodie
1035 2548 1087 2609 est

84 2633 165 2698 haec
190 2633 283 2716 urbs,
312 2632 510 2715 incolebant,
542 2654 643 2715 aequo
672 2631 779 2696 animo
806 2630 858 2694 illi
884 2630 1086 2714 libenterque

84 2723 244 2806 parerent.
289 2718 432 2795 Quorum
459 2719 559 2805 copiis
588 2742 660 2784 cum
683 2740 717 2783 11
740 2718 852 2783 ducem
874 2718 1086 2802 praebuisset,

83 2812 122 2872 ut
144 2808 210 2872 iam
233 2830 253 2872 a
273 2807 394 2872 fabulis
417 2807 458 2871 ad
480 2807 567 2873 facta
589 2807 763 2889 veniamus,
787 2805 987 2890 oppressisse
1004 2805 1087 2870 Lon-

86 2918 162 2981 gam
175 2894 305 2980 Albam,
327 2895 469 2961 validam
488 2896 601 2959 urbem
619 2897 652 2958 11
669 2897 836 2978 potentem
856 2893 861 2976 l
881 2897 960 2957 tem·
980 2895 1019 2974 [p.
1034 2909 1086 2960 290

84 2983 219 3067 poribus
240 2984 319 3067 illis,
341 2982 572 3065 Amuliumque
594 3003 705 3067 regem
727 2980 929 3045 interemisse
951 2981 1064 3045 fertur.

151 3068 222 3145 Qua
249 3071 355 3156 gloria
378 3074 474 3154 parta
495 3071 609 3135 urbem
632 3069 799 3153 auspicato
822 3069 957 3134 condere
980 3071 1013 3132 11
1035 3057 1121 3131 fir-3

85 3180 174 3223 mare
197 3159 314 3224 dieitur
335 3158 476 3243 primum
495 3157 688 3244 cogitavisse
707 3178 776 3220 rem
795 3156 967 3239 publicam.
1003 3154 1087 3220 Urbi
1105 3133 1121 3182 ⁶

85 3249 194 3310 autem
216 3249 335 3330 locum,
360 3246 445 3330 quod
468 3248 518 3311 est
541 3246 584 3330 ei,
607 3245 662 3328 qui
685 3244 869 3308 diuturnam
891 3266 960 3308 rem
983 3244 1087 3327 publi-

86 3355 157 3398 cam
183 3355 289 3398 serere
316 3337 465 3417 conatur,
495 3332 742 3419 diligentissime
765 3332 1009 3415 providendum,
1038 3332 1088 3397 in-
1150 3368 1153 3375 ·

85 3421 231 3486 credibili
258 3421 479 3505 oportunitate
508 3421 635 3507 delegit.
680 3419 794 3504 Neque
822 3420 907 3484 enim
935 3420 1031 3485 adm

85 3509 237 3591 admovit,
261 3508 347 3592 quod
370 3508 399 3573 ei
421 3508 485 3573 fuit
505 3508 565 3574 illa
586 3530 684 3574 manu
704 3506 869 3593 copiisque
886 3507 1023 3575 facillim
