2446 3944
465 224 507 234 -
552 184 707 254 489-

82 347 118 414 si
142 349 273 432 quidem
293 371 354 415 nos
371 370 438 414 non
456 370 549 433 quaer
540 347 686 414 Graece
704 349 891 432 loquentem
910 346 1085 414 audiamus.

82 437 187 502 Docet
209 436 295 500 idem
318 436 383 502 alio
405 437 490 502 loco.

173 558 396 645 Graiugena
418 559 537 623 de't
483 562 537 623 1st
542 580 584 624 oe
607 559 733 644 aperit
755 559 840 646 ipsa
863 558 997 624 oratio.

84 680 146 746 Sed
169 681 210 747 ad
232 681 356 747 maiora
377 681 553 746 redeamus,
593 680 644 747 Ex
667 681 796 747 aethere
818 681 920 767 igitur
941 682 1085 746 innume-
1104 692 1138 742 92

83 771 202 835 rabiles
230 769 379 835 flammae
408 769 548 834 siderum
571 769 744 853 exsistunt,
771 791 907 852 quorum
930 772 979 834 est
1001 769 1087 853 prin-

84 880 160 941 ceps
192 857 242 922 sol
274 857 382 922 omnia
414 857 594 922 clarissima
623 857 694 922 luce
722 857 942 939 conlustrans,
973 856 1085 920 multis

83 945 233 1030 partibus
263 945 367 1010 maior
396 948 493 1028 atque
522 944 662 1029 amplior
689 966 787 1027 quam
813 947 901 1009 terra
927 944 1087 1027 universa,

85 1033 198 1097 deinde
220 1032 344 1116 reliqua
363 1033 468 1097 sidera
485 1031 760 1118 magnitudinibus
778 1031 943 1097 inmensis.
978 1031 1087 1114 Atque

83 1121 119 1184 hi
146 1120 232 1185 tanti
258 1120 351 1206 ignes
378 1124 507 1204 tamque
535 1121 633 1184 multi
658 1142 725 1185 non
747 1119 842 1184 modo
864 1119 949 1184 nihil
970 1121 1088 1184 nocent

84 1209 181 1273 terris
205 1209 364 1293 rebusque
390 1209 613 1292 terrestribus,
644 1209 701 1272 sed
726 1208 776 1272 ita
801 1211 951 1292 prosunt,
982 1210 1031 1289 ut,
1059 1206 1087 1270 si

84 1300 174 1361 mota
196 1297 268 1361 loco
292 1297 366 1379 sint,
388 1297 586 1382 conflagrare
607 1299 712 1361 terras
734 1317 864 1361 necesse
888 1295 932 1360 sit
950 1317 969 1359 a
987 1293 1086 1358 tantis

84 1384 252 1448 ardoribus
276 1383 494 1448 moderatione
518 1388 551 1447 et
573 1384 807 1466 temperatione
830 1383 968 1448 sublata.

150 1487 213 1552 Hic
234 1509 296 1572 ego
317 1509 384 1553 non
406 1487 504 1551 mirer
528 1509 596 1552 esse
620 1510 827 1572 quemquam,
855 1489 910 1572 qui
933 1488 997 1553 sibi
1017 1511 1087 1592 per·
1106 1526 1139 1575 93

86 1576 219 1640 suadeat
242 1596 379 1660 corpora
402 1575 559 1658 quaedam
581 1576 685 1640 solida
708 1580 804 1660 atque
822 1576 1039 1643 individuam
1056 1582 1089 1643 11

86 1664 249 1749 gravitate
231 1663 353 1746 eferri,
371 1663 589 1746 mundumque
605 1663 691 1728 effici
709 1667 804 1729 ornat
803 1663 952 1730 issimum
970 1668 1003 1729 et
1020 1668 1089 1767 pul·

85 1750 280 1816 cherrimum
308 1773 346 1815 111
374 1772 485 1815 eorum
508 1772 678 1836 corporum
701 1751 909 1818 concursione
929 1753 1031 1819 fertur
1023 1753 1088 1818 ta?

84 1838 156 1903 Hoc
184 1838 240 1921 qui
266 1837 333 1902 exis
335 1838 431 1903 timet
457 1838 528 1902 fieri
553 1839 713 1924 potuisse,
743 1861 811 1942 non
831 1841 1005 1941 intellege,
1032 1862 1089 1905 cur

84 1949 152 1991 non
173 1927 259 1990 idem
280 1931 383 2010 putet,
406 1925 435 1990 si
456 1926 708 1992 innumerabiles
726 1927 820 1993 unius
839 1932 872 1992 11
890 1928 995 2013 vigint
997 1951 1008 1991 1
981 1928 1088 1992 t'for-

85 2037 157 2079 mae
181 2014 364 2078 litterarum
386 2014 438 2079 vel
462 2035 577 2079 aureae
599 2015 652 2080 vel
676 2016 871 2099 qualeslibet
894 2016 1003 2100 aliquo
1026 2015 1088 2080 coi-

86 2104 221 2186 ciantur,
244 2124 340 2187 posse
363 2124 402 2166 ex
420 2102 460 2166 iis
478 2102 652 2167 interram
671 2104 811 2168 excussis
830 2104 963 2168 annales
980 2102 1088 2189 Ennii,

84 2194 122 2254 ut
144 2154 293 2275 deinceps
317 2191 384 2276 legi
405 2189 543 2274 possint
566 2189 663 2275 effici,
687 2191 772 2275 quod
794 2192 901 2256 nescio
925 2213 968 2256 an
988 2213 1029 2256 ne
1053 2191 1089 2256 in

84 2301 149 2343 uno
174 2279 303 2363 quidem
325 2300 421 2343 versu
442 2278 549 2362 possit
570 2281 700 2344 tantum
722 2279 987 2344 valerefortuna.
1026 2279 1141 2344 Ist194

86 2370 195 2431 autem
218 2389 313 2450 quem
333 2365 374 2430 ad
391 2365 523 2430 modum
541 2366 733 2432 adseverant
751 2387 790 2430 ex
807 2367 1005 2472 corpusculis
1024 2389 1089 2432 non

86 2453 207 2535 calore,
234 2475 301 2517 nou
329 2453 487 2535 qualitate
516 2453 637 2537 aliqua,
665 2474 763 2536 quam
789 2449 947 2536 ποιότητα
973 2452 1089 2520 Gracci

86 2503 212 2622 vocant,
234 2561 301 2604 non
319 2561 415 2604 sensu
432 2541 568 2624 praedit
559 2562 596 2622 11,
544 2539 672 2604 tsed
691 2540 953 2604 concurrentibus
968 2544 1088 2606 temere

87 2631 184 2710 atque
203 2648 280 2691 casu
297 2628 451 2691 mundum
470 2647 539 2690 esse
558 2590 746 2711 pdrfectum,
767 2627 819 2692 vel
837 2627 1088 2692 innumerabiles

86 2715 195 2799 potius
217 2714 253 2778 in
275 2714 363 2779 omni
385 2717 505 2798 puncto
529 2715 685 2799 temporis
709 2714 789 2780 alios
810 2715 913 2798 nasci,
937 2716 1019 2780 alios
1041 2715 1088 2779 in·

87 2803 206 2867 1111111
261 2801 382 2877 Quodsi
420 2801 574 2865 mundum
610 2801 736 2868 efficere
770 2804 880 2886 potest
914 2823 1088 2868 concursus

88 2894 283 2973 atomorum,
310 2911 366 2955 cur
388 2889 563 2974 porticum,
590 2911 647 2955 cur
668 2890 840 2972 templum,
870 2911 926 2954 cur
949 2890 1089 2971 domum,

89 3001 145 3044 cur
172 2979 285 3043 urbem
311 2999 377 3043 non
403 2979 534 3063 potest?
567 2999 648 3062 quae
672 2981 747 3041 sunt
768 2976 874 3041 minus
897 2998 1034 3062 operosa
1056 2987 1089 3043 et

86 3067 190 3131 multo
218 3066 346 3149 quidem
372 3066 528 3130 faciliora
571 3064 667 3131 Certe
694 3064 742 3129 ita
763 3068 884 3129 temere
908 3066 946 3129 de
969 3066 1088 3131 mundo

86 3153 245 3238 effutiunt,
266 3158 303 3218 ut
289 3154 403 3218 11111111
424 3152 552 3255 quidem
568 3175 744 3254 numquam
762 3153 847 3218 hunc
864 3152 1089 3256 admirabilem

87 3241 168 3305 caeli
190 3246 342 3306 ornatum
346 3241 435 3327 ,qui
456 3242 546 3307 locus
569 3244 619 3305 111
641 3240 816 3325 proximus,
839 3241 1021 3324 suspexisse
1042 3240 1090 3307 ri·

87 3328 230 3392 deantur.
280 3329 450 3394 Praeclare
487 3349 564 3414 ergo
595 3327 804 3393 Aristoteles.
842 3325 897 3392 si
933 3328 1087 3394 essent’

87 3415 235 3500 inquit,
242 3418 307 3500 qui
330 3418 400 3481 sub
422 3420 527 3481 terra
550 3437 700 3501 semper
717 3414 1007 3482 habitavissent
1024 3418 1074 3485 bo

85 3503 145 3568 nis
175 3507 213 3568 et
239 3504 364 3570 inlust
369 3505 477 3570 ribus
505 3502 729 3588 domiciliis,
755 3524 851 3588 quae
878 3509 1050 3573 essento
