2446 3944
544 188 784 254 -470-

164 372 230 416 non
252 349 358 414 solum
384 348 519 433 indocti,
550 348 607 414 sed
629 347 727 413 etiam
751 349 838 414 docti
860 349 1075 438 dissentiant3
1103 376 1179 438 quo

163 461 236 502 rum
259 436 425 521 opiniones
453 458 525 501 cum
547 441 617 501 tam
638 437 747 501 variae
776 437 841 501 sint
870 441 1005 523 tamque
1028 440 1122 506 inter
1144 463 1178 506 se

164 525 369 608 dissidentes,
399 524 538 589 alterum
566 524 638 590 fieri
665 524 812 609 profecto
839 530 962 611 potest,
991 531 1030 592 ut
1062 551 1177 594 earum

163 614 263 698 nulla,
287 613 425 677 alterurn
444 617 530 678 certe
552 634 618 679 non
635 616 753 697 potest,
776 617 813 679 ut
835 614 909 697 plus
927 637 994 680 una
1016 638 1102 682 vera
1125 619 1175 682 sit.

129 701 234 777 3Qua
261 701 389 784 quidem
415 701 450 764 in
477 722 573 766 causa
596 704 628 765 et
654 700 823 766 benivolos
846 702 1079 789 obiurgatores
1108 706 1176 791 pla·

164 811 236 856 care
259 793 292 854 et
318 788 445 854 invidos
468 789 705 874 vituperatores
733 789 900 854 confutare
923 813 1117 877 possumus,
1139 797 1174 858 ut

164 879 285 943 alteros
302 877 545 961 reprehendisse
563 877 736 962 paeniteat,
756 877 851 942 alteri
870 877 1020 944 didicisse
1039 902 1077 946 se
1098 903 1173 968 gau·

163 967 273 1049 deant,
304 987 381 1029 nam
409 964 464 1049 qui
491 965 665 1029 admonent
692 965 807 1049 amice,
837 964 970 1031 docendi
993 973 1088 1054 sunt,
1120 969 1173 1054 qui

128 1068 144 1116 6
162 1054 290 1119 inimice
307 1054 516 1137 insectantur,
534 1052 718 1137 repellendi.
754 1053 895 1118 Multum
914 1058 1025 1120 autem
1037 1057 1171 1122 fluxisse

162 1143 255 1208 video
279 1141 318 1206 de
340 1141 433 1205 libris
450 1141 581 1224 nostris,
605 1162 685 1224 quos
708 1141 883 1226 compluris
905 1142 999 1208 brevi
1021 1147 1170 1230 tempore

163 1230 333 1313 edidimus,
359 1229 548 1313 variumque
576 1250 756 1293 sermonem
782 1229 904 1313 partim
927 1231 1169 1317 admirantium,

162 1318 245 1384 unde
267 1318 330 1382 hoo
351 1316 603 1401 philosophandi
624 1317 719 1381 nobis
743 1317 850 1382 subito
878 1318 1023 1385 studium
1046 1321 1169 1385 extitis-

163 1409 221 1490 set,
243 1405 373 1491 partim,
396 1404 473 1488 quid
496 1426 621 1488 quaque
640 1404 678 1469 de
701 1426 735 1469 re
758 1405 838 1471 certi
859 1405 1065 1494 haberemuS,
1089 1409 1168 1475 scire

162 1493 368 1579 cupientium.
412 1492 526 1556 Multis
555 1492 653 1557 etiam
683 1494 771 1557 sensi
797 1493 946 1559 mirabile
968 1495 1075 1561 videri
1098 1519 1168 1562 eam

161 1581 256 1646 nobis
283 1579 490 1667 potissimum
516 1581 688 1666 probatam
711 1603 781 1646 esse
803 1581 1062 1668 philosophiam,
1087 1607 1167 1669 quae

161 1671 266 1735 lucem
289 1669 428 1754 eriperet
446 1671 479 1733 et
502 1667 594 1752 quasi
615 1672 744 1734 noctem
762 1669 923 1752 quandam
945 1671 1043 1737 rebus
1070 1674 1167 1738 offun-

162 1758 264 1841 deret,
292 1758 499 1841 desertaeque
523 1756 711 1840 disciplinae
734 1760 767 1821 et
793 1757 858 1821 iam
885 1756 1011 1842 pridem
1033 1761 1166 1826 relictae

162 1844 376 1931 patrocinium
389 1844 616 1928 necopinatum
635 1867 655 1908 a
672 1844 766 1909 nobis
786 1867 855 1910 esse
869 1850 1066 1931 susceptum.
1100 1847 1165 1914 Nos

162 1936 271 1997 autern
297 1954 356 1997 nee
383 1931 490 1996 subito
519 1932 681 2016 coepimus
708 1932 933 2018 philosophari
961 1956 1021 2000 nec
1049 1937 1165 2001 medio

162 2043 248 2086 crem
276 2019 422 2103 aprimo
449 2022 595 2102 tempore
623 2021 740 2084 aetatis
767 2021 802 2084 in
829 2043 866 2086 eo
893 2022 1002 2086 studio
1033 2045 1165 2109 operam

162 2129 334 2191 curamque
361 2107 618 2191 consumpsimus
642 2111 687 2191 et,
714 2130 786 2173 eum
813 2109 944 2173 minime
966 2110 1165 2195 videbamur,

160 2200 232 2260 tum
254 2194 392 2259 maxime
415 2194 739 2279 philosophabamur,
763 2196 848 2279 quod
871 2200 903 2260 et
927 2197 1095 2266 orationes
1119 2201 1165 2264 de-

161 2284 287 2349 clarant
313 2282 451 2346 refertae
479 2283 748 2367 philosophorum
772 2285 940 2350 sententiis
964 2290 998 2350 et
1021 2287 1165 2354 doctissi-

161 2393 288 2437 morum
310 2370 478 2435 hominum
495 2370 746 2456 familiaritates,
770 2372 885 2456 quibus
904 2395 1033 2458 semper
1052 2377 1163 2442 domus

161 2463 274 2526 nostra
300 2458 422 2541 floruit,
445 2462 478 2523 et
500 2459 660 2543 principes
684 2460 747 2543 illi,
769 2459 943 2545 Diodotus,
965 2461 1079 2549 Philo,
1103 2465 1164 2529 An·

126 2547 302 2631 rtiochus,
324 2546 529 2632 Posidonius,
552 2570 572 2611 a
595 2547 711 2630 quibus
733 2548 876 2612 instituti
904 2571 1024 2614 sumus.
1070 2551 1165 2618 Etsi

162 2635 270 2702 omnia
301 2634 525 2719 philosophiae
560 2638 734 2719 praecepta
765 2634 947 2701 referuntur
979 2637 1021 2701 ad
1053 2640 1163 2723 vitam,

162 2723 358 2789 arbitramur
388 2743 448 2786 nos
478 2726 510 2787 et
540 2722 679 2806 publicis
703 2726 735 2786 et
765 2723 901 2807 privatis
933 2724 968 2788 in
1000 2727 1099 2794 rebus
1129 2749 1163 2792 ea

125 2811 372 2896 4praestitisse,
396 2832 477 2894 quae
495 2810 578 2874 ratio
602 2814 635 2874 et
653 2811 799 2876 doctrina
820 2811 1078 2897 praescripserit.
1111 2814 1163 2880 sin

162 2902 269 2964 autem
289 2898 360 2983 quis
380 2898 523 2982 requirit,
547 2920 627 2982 quae
646 2920 819 2964 causarios
842 2899 1008 2984 inpulerit,
1030 2906 1069 2967 ut
1087 2905 1163 2969 haec

160 2992 230 3052 tam
258 3008 329 3051 sero
357 2986 476 3050 litteris
499 2986 738 3070 mandaremus,
764 2987 847 3051 nihil
870 2991 933 3070 est,
963 2990 1051 3072 quod
1075 3013 1163 3077 expe

161 3076 228 3140 dire
256 3078 324 3140 tam
351 3073 446 3140 facile
472 3074 643 3158 possimus.
688 3072 774 3139 Nam
801 3097 873 3140 cum
901 3075 968 3141 otio
996 3077 1162 3166 languere

161 3185 246 3246 mus,
274 3166 307 3227 et
337 3162 365 3227 is
394 3166 479 3228 esset
506 3162 553 3226 rei
583 3162 731 3246 publicae
760 3166 877 3247 status,
903 3167 941 3228 ut
969 3186 1043 3232 eam
1070 3169 1162 3233 unius

161 3251 296 3315 consilio
324 3254 421 3335 atque
448 3272 524 3316 cura
547 3250 721 3335 gubernari
742 3272 870 3316 necesse
893 3256 992 3337 esset,
1022 3256 1164 3340 primum

160 3337 262 3420 ipsius
285 3338 333 3403 rei
359 3339 508 3424 publicae
531 3360 627 3403 causa
653 3338 895 3424 philosophiam
916 3343 1040 3407 nostris
1063 3343 1164 3410 homi-

195 3424 255 3490 bus
279 3427 499 3511 explicandam
521 3427 635 3513 putavi
657 3427 768 3512 magni
795 3427 983 3493 existimans
1006 3428 1164 3498 interesse

71 3444 204 3730 ἲ
225 3511 319 3578 decus
343 3518 376 3579 et
398 3514 439 3580 ad
462 3514 590 3580 laudem
612 3514 753 3580 civitatis
777 3536 829 3580 res
856 3520 925 3581 tam
948 3518 1061 3604 gravis
1085 3526 1165 3587 tam·
