2446 3944
463 174 702 240 -503-

82 330 167 406 Quid
189 332 289 417 ergo?
311 332 368 395 isti
390 332 470 415 doli,
494 333 591 416 quid?
614 333 791 417 machinae,
814 332 912 417 quid?
934 330 1084 396 fallaciae

83 419 358 504 praestrigiaeque
385 442 463 484 num
491 421 558 484 sine
586 421 711 485 ratione
735 442 804 485 esse
826 422 1024 505 potuerrmt‘?
1057 419 1084 484 0

82 508 285 591 praeclarum
307 530 423 572 munus
447 508 591 572 deoruml
614 512 652 572 ut
673 508 826 574 Phormio
844 508 949 593 possit
968 508 1084 573 dicere:

151 610 248 676 Oe‘do
272 633 411 697 senem3
434 613 510 677 iam
527 612 724 677 instructa
742 616 831 677 sunt
849 613 899 677 mi
916 613 955 677 in
973 612 1085 678 corde

716 701 883 765 consilia
905 701 1040 766 omnia.

1095 788 1139 852 30

84 821 147 887 Sed
170 845 320 888 exeamus
343 845 360 888 e
382 823 512 888 theatro
519 875 527 907 ,
549 823 715 888 veniamus
738 823 773 888 in
794 823 909 888 forum.
955 821 1086 888 Sessum
1104 864 1139 914 74

83 910 111 974 it
133 916 272 996 praetor.
311 910 394 987 Quid
416 915 453 974 ut
475 911 654 976 iudicetur?
686 911 748 987 Qui
765 911 964 975 tabularium
981 911 1086 975 incen-
1188 910 1192 918 '

85 999 177 1063 derit.
213 998 305 1075 Quod
326 999 451 1064 facinus
470 999 650 1064 occultius?
680 999 719 1064 Id
738 1021 771 1063 se
790 996 1087 1083 1101111111-

85 1087 176 1151 didus
196 1110 292 1170 eques
305 1086 470 1151 Romanus
490 1110 529 1152 ex
547 1109 627 1173 agro
640 1085 767 1170 Piceno,
789 1086 903 1152 fecisse
921 1086 1086 1151 confessus

84 1178 144 1238 est.
185 1174 247 1250 Qui
268 1176 528 1261 transscripserit
550 1175 680 1239 tabulas
703 1174 859 1260 publicas.
899 1174 938 1238 Id
959 1195 1085 1257 quoque

84 1262 118 1328 L.
133 1263 255 1327 Alenus
269 1263 355 1346 fecit,
369 1286 442 1327 curn
456 1262 707 1348 chirographum
722 1285 777 1326 sex
790 1262 969 1347 primorum
981 1262 1087 1325 imita-

84 1354 137 1414 tus
160 1354 219 1415 est.
255 1349 339 1425 Quid
360 1350 422 1414 hoc
444 1350 574 1414 homine
596 1351 782 1414 sollertius?
819 1349 986 1436 Cognosce
1005 1349 1087 1413 alias

85 1439 298 1520 quaestiones,
322 1438 393 1537 auri
409 1437 589 1538 Tolossani,
612 1437 842 1538 coniurationis
860 1437 1087 1524 Iugurthinae3

84 1524 565 1696 {Stltlllfflttutlt
583 1525 1089 1699 ttettutgslttllatt

85 1704 155 1764 tum
173 1699 252 1764 haec
266 1699 436 1783 cotidiana,
460 1700 552 1784 sicae,
575 1700 697 1785 veneni,
720 1702 897 1786 peculatus,
915 1705 1088 1765 testamen-

84 1791 193 1852 torum
221 1788 320 1852 etiam
347 1788 420 1873 lege
442 1809 527 1853 nova
550 1788 763 1872 quaestiones.
807 1787 886 1853 Inde
908 1789 966 1853 illa
989 1789 1087 1854 actio:

85 1894 152 1940 ora
172 1892 401 1958 oousmrooua
420 1892 489 1940 ruo
508 1893 651 1941 1111111111
668 1893 728 1942 nro
747 1876 1087 1960 1111111111,111111

84 1968 136 2027 tot
158 1963 276 2028 iudicia
299 1964 337 2028 de
359 1963 421 2027 fide
444 1963 544 2047 mala,
567 1964 703 2049 tutelae,
726 1964 884 2047 mandati,
907 1987 966 2049 pro
989 1965 1087 2049 socio,

84 2052 228 2136 fiduciae,
251 2051 384 2135 reliqua,
407 2073 488 2135 quae
511 2073 550 2116 ex
573 2055 682 2136 empto
705 2055 762 2117 aut
784 2053 914 2117 vendito
938 2055 995 2117 aut
1016 2074 1088 2117 con-

85 2140 181 2205 ducto
214 2143 270 2205 aut
301 2140 409 2204 locato
442 2143 555 2205 eontra
583 2141 679 2205 fidem
708 2140 803 2224 fiunt,
834 2141 908 2205 inde
934 2141 1087 2205 iudicium

84 2229 250 2312 publicum
272 2228 320 2293 rei
337 2229 484 2313 privatae
502 2228 575 2313 lege
588 2228 762 2313 Plaetoria,
784 2229 857 2293 inde
876 2229 1088 2294 everriculum

85 2317 286 2380 malitiarum
318 2316 477 2398 omnium,
509 2316 662 2381 iudicium
694 2316 733 2386 de
765 2317 837 2381 dolo
870 2317 971 2399 malo,
1004 2316 1089 2398 quod

86 2401 121 2466 (l.
143 2403 320 2486 AquilliuS,
342 2402 515 2467 familiaris
537 2407 657 2486 noster,
680 2404 832 2487 protulit3
860 2425 955 2486 quem
978 2402 1089 2465 dolum

85 2489 171 2553 idem
189 2490 353 2572 Aquillius
376 2494 446 2553 tum
468 2490 571 2553 teneri
593 2494 697 2574 putat,
720 2512 793 2554 cum
816 2491 904 2554 aliud
926 2490 969 2553 sit
993 2489 1088 2553 simu-

87 2579 199 2660 latum,
223 2577 311 2641 aliud
334 2580 449 2641 actum.
485 2576 578 2641 Hanc
599 2577 701 2662 igitur
719 2581 846 2641 tantam
865 2599 885 2640 a
903 2576 951 2641 dis
970 2576 1088 2641 inmor-
1107 2588 1141 2638 15

85 2666 208 2729 talibus
241 2664 437 2728 arbitramur
464 2663 624 2729 malorum
652 2664 821 2728 sementim
850 2685 919 2728 esse
945 2663 1089 2728 factam?

29 2821 35 2842 ,
86 2751 122 2816 Si
152 2752 236 2817 enim
267 2751 427 2816 rationem
455 2750 640 2816 hominibus
672 2752 703 2815 di
732 2751 899 2834 dederunt,
928 2751 1088 2815 malitiam

87 2841 255 2923 dederunt3
278 2843 328 2904 est
350 2839 435 2903 enim
458 2839 585 2904 malitia
607 2844 738 2904 versuta
760 2843 793 2903 et
811 2839 913 2904 fallax
930 2838 1015 2903 ratio
1033 2860 1089 2903 no-

87 2929 191 3012 cendi,
212 2928 310 2992 iidem
333 2927 432 2992 etiam
455 2927 487 2990 di
508 2927 655 2991 fraudem
678 2927 842 3011 dederunt,
865 2927 990 2991 facinus
1008 2930 1090 2992 cete

86 3039 194 3101 raquo,
218 3038 354 3100 quorum
375 3015 458 3079 nihil
480 3036 540 3079 neo
559 3015 680 3099 suscipi
698 3015 766 3079 sine
784 3016 910 3079 ratione
927 3036 987 3079 nec
1005 3013 1090 3079 effici

85 3108 204 3190 potest.
250 3101 438 3169 ‘Utinam'
460 3102 571 3188 igitur,
594 3107 631 3167 ut
653 3104 712 3167 illa
735 3124 815 3167 anus
839 3106 941 3187 optat,

454 3231 500 3273 nc
523 3209 561 3272 in
582 3231 735 3274 nemore
757 3207 866 3273 Pelio
890 3207 1089 3282 securibus

158 3296 300 3362 Caesae
345 3296 580 3361 accidissent
624 3297 811 3448 abiepnalp
856 3295 901 3360 ad
946 3297 1090 3360 terram

738 3406 780 3448 ra
812 3405 850 3448 es

86 3491 132 3556 sic
154 3491 252 3556 istam
275 3490 487 3556 calliditatem
509 3489 695 3554 hominibus
714 3488 748 3553 di
765 3509 806 3552 ne
825 3435 1000 3553 dddissentl
1024 3302 1155 3704 qu]
