2446 3944
461 185 701 251 ..509-

83 367 160 428 que,
191 367 264 410 cum
296 341 325 408 ei
354 344 526 430 naviganti
554 348 699 410 vectores
727 346 862 411 adversa
888 346 1083 430 tempestate

82 431 189 497 timidi
212 435 245 496 et
267 432 432 518 perterriti
455 432 595 498 dicerent
616 455 683 498 ιιοιι
704 433 822 498 iniuria
845 434 908 498 sibi
929 434 1012 498 illud
1034 455 1084 499 ac·

82 520 196 598 cidere,
220 519 275 620 qui
297 521 390 585 illum
412 520 601 586 incendam
617 542 734 586 navam
751 522 956 606 recepissent,
979 525 1084 586 osten·

84 608 132 672 dit
118 608 263 673 taism
286 609 397 674 eodem
419 630 515 674 cursu
538 610 659 674 multas
682 609 762 674 alias
786 610 947 675 laborant
923 615 966 674 trs
990 631 1084 694 quae

84 695 236 779 sinitque,
267 719 345 761 num
377 696 516 762 etiam
507 719 541 760 ιιι
571 697 612 762 iis
640 697 778 762 navibus
804 697 983 783 Diagoram
1009 697 1084 763 vehi

84 785 258 849 eraderent
303 782 356 849 Sic
383 785 469 849 enim
495 807 547 850 res
576 807 610 849 se
633 785 746 870 hahet,
718 788 810 849 tut
832 786 874 849 ad
894 807 1084 871 prosperam

84 873 293 937 adversamve
314 872 383 936 fort
368 875 490 974 tunam,
513 873 618 956 qualis
642 874 687 938 sis
706 837 763 938 adt
781 895 877 957 quem
895 873 1084 938 admodum

81 960 210 1044 vixeris,
227 959 376 1024 nihilt
327 982 363 1025 ιιι
362 961 465 1026 tersit.
500 960 576 1026 Non
595 961 863 1046 animadvertunt,
884 961 999 1044 inquit,
1018 982 1084 1025 om·
1103 977 1136 1026 ιο

83 1048 138 1112 nia
168 1047 213 1132 di,
241 1070 282 1113 ne
310 1069 404 1134 rages
434 1048 571 1134 quidem.
618 1048 701 1125 Quid
726 1053 781 1114 est
810 1049 937 1114 simile?
977 1049 1084 1134 Reges

85 1136 171 1200 euim
193 1136 222 1201 si
244 1136 381 1201 scientes
403 1137 681 1221 praetermittunt,
703 1159 824 1222 magna
845 1137 941 1221 culpa
963 1139 1027 1220 est3
1050 1140 1085 1200 at
1095 1142 1136 1208 38

83 1224 143 1289 deo
172 1245 213 1289 ne
246 1224 409 1290 excusatio
433 1225 562 1309 quidem
584 1229 634 1290 ast
656 1225 853 1290 inscientiae.
898 1223 999 1300 Quem
1025 1245 1084 1290 vos

83 1313 248 1412 praeclara
267 1312 408 1377 defendi
408 1313 446 1396 is
465 1335 538 1378 eum
556 1313 634 1377 dicit
634 1313 662 1377 is
681 1335 752 1377 eam
769 1313 837 1378 vim
855 1313 988 1378 deorum
1006 1333 1085 1396 esse,

83 1402 134 1482 ut,
164 1399 292 1464 etiamsi
319 1401 391 1484 quis
419 1405 523 1465 morta
544 1421 666 1484 poenas
689 1401 818 1466 sceleris
842 1401 1005 1486 effugerit,
1034 1421 1085 1464 ex·

83 1450 183 1571 petan
141 1489 237 1551 antur
259 1509 315 1552 eae
335 1509 457 1588 pqanaa
477 1511 497 1552 a
514 1488 634 1572 liberis,
657 1492 793 1574 anapot
778 1489 876 1573 tibus,
899 1488 1085 1573 aposteris

84 1573 111 1639 0
139 1575 256 1639 miram
283 1575 480 1659 aequitatem
507 1539 652 1641 deorunil
694 1575 848 1642 Ferretna
875 1576 989 1642 civitas
1015 1577 1086 1640 ulla

84 1663 132 1727 lat
118 1666 223 1727 torem
245 1662 340 1727 istius
364 1663 451 1728 modi
469 1663 621 1749 legis,ut
606 1664 866 1730 tteondemnare
851 1668 905 1729 tur
922 1664 1008 1728 filius
1028 1667 1085 1728 aut

83 1771 193 1835 nepos,
218 1750 246 1814 si
267 1754 362 1835 pater
384 1755 441 1817 aut
464 1773 543 1817 avus
566 1751 776 1836 deliquisset?

149 1871 308 1947 Quinam
331 1874 624 1939 Tantalidarum
645 1872 907 1941 internecioni
926 1875 1058 1940 modus

149 1959 334 2027 Paratur?
362 1967 427 2027 aut
450 1985 634 2048 quaenam
656 1968 832 2047 imquam
856 1964 904 2071 ⁰¹³,
925 1967 1086 2065 mortam

149 2136 292 2202 Poenis
316 2138 467 2203 luendis
491 2138 647 2204 dabitur
669 2139 791 2205 satias
815 2051 1006 2225 sdivhlidil

83 2278 203 2345 Utrum
233 2283 414 2364 pottaet
376 2277 502 2345 Stoicos
531 2280 752 2365 depravarint
784 2302 827 2346 an
853 2279 953 2346 Stoici
980 2285 1056 2364 poet
1042 2281 1085 2345 tis
1105 2295 1136 2344 ιι

85 2365 229 2430 dederint
215 2370 322 2432 tauc
323 2367 503 2452 toritatem,
533 2389 600 2433 non
630 2368 725 2434 facile
755 2368 903 2450 dixenm3
934 2371 1087 2452 portenta

85 2453 171 2517 enim
199 2454 240 2517 ab
267 2454 412 2554 utrisque
440 2457 472 2518 et
494 2417 626 2539 ’flagitia
650 2455 763 2520 dicunt
748 2458 810 2519 t.ur
855 2453 968 2538 Neque
992 2455 1086 2538 anim,

85 2561 181 2625 quem
193 2538 389 2625 Hipponaat
365 2541 552 2606 tiambus1s
570 2541 719 2624 laeserat
696 2545 794 2606 taut
812 2541 868 2626 qui
886 2545 956 2606 erat
973 2539 1088 2607 Archi·

84 2628 172 2693 lochi
193 2649 290 2693 versu
311 2628 507 2713 volneratus,
529 2628 662 2693 adeo
653 2591 823 2694 mniissum
846 2629 998 2712 dolorem,
1020 2650 1087 2693 non

84 2721 275 2800 conceptum
302 2737 323 2780 a
348 2737 383 2781 sa
409 2716 481 2802 ipso
507 2715 708 2801 continebat,
733 2737 807 2801 nec,
835 2738 907 2783 oum
934 2715 1087 2801 Aegisthi

84 2804 253 2869 libidinem
275 2807 333 2870 aut
355 2825 428 2871 cum
445 2803 571 2868 Paridis
593 2803 748 2889 videmus,
771 2826 791 2869 a
813 2805 872 2869 deo
891 2826 1021 2870 eausam
1038 2826 1086 2868 ra

85 2893 252 2978 quirimus,
274 2915 347 2958 cum
368 2893 482 2979 culpae
500 2913 602 2978 paene
619 2914 731 2958 vocem
750 2892 926 2976 audiamus,
947 2914 1006 2958 nac
1024 2912 1085 2978 ego

84 2982 168 3046 mult
154 2986 262 3046 torum
289 3003 460 3067 aegrorum
487 2980 626 3045 salutem
651 3001 718 3045 non
745 2981 786 3045 ab
809 2980 1008 3065 Hippocrate
1030 3001 1086 3063 po

84 3069 150 3133 tius
174 3091 271 3153 quam
294 3070 335 3135 ab
358 3069 553 3155 Aesculapio
577 3068 633 3133 dat
618 3071 687 3133 tam
708 3068 827 3153 iudico,
849 3091 908 3133 nac
930 3067 1086 3132 Lacedae·

83 3156 265 3221 moniorum
301 3157 402 3242 discip
404 3157 505 3222 linam
536 3156 641 3222 dicam
672 3178 827 3240 umquam
859 3156 900 3220 ab
931 3154 1085 3240 Apolline

81 3243 201 3329 potius
210 3241 346 3329 Spartae
369 3266 466 3328 quam
489 3267 509 3308 a
521 3244 744 3330 Lyeurgot
689 3244 798 3309 datam
800 3241 914 3310 .0ris
916 3243 1074 3327 olaus,in

84 3354 189 3415 quam,
209 3332 326 3396 evertit
340 3330 540 3416 Corinthum,
558 3332 641 3396 Kart
627 3332 796 3417 thaginem
813 3330 1008 3397 Hasdrubal.
1040 3280 1086 3396 Hi

83 3419 145 3485 duo
164 3420 240 3485 illos
259 3420 368 3484 oculos
387 3441 462 3484 orae
480 3383 671 3484 maritumae
690 3420 877 3503 effoderunt,
898 3442 965 3485 non
981 3420 1084 3484 iratus

82 3508 193 3594 aliqui,
212 3529 307 3593 quem
322 3507 452 3572 omnino
466 3507 562 3573 irasci
574 3528 670 3592 possa
683 3508 822 3594 negatis,
837 3508 922 3574 deus.
949 3507 997 3573 At
1010 3508 1085 3574 sub-
