2446 3944
534 179 772 245 -552-

151 343 240 426 muli,
263 346 334 407 tum
357 341 455 406 etiam
475 340 674 423 reliquorum
692 360 805 426 regum
824 338 985 424 sapientia
1003 339 1157 405 definitus

152 453 191 495 ex
213 431 301 494 omni
317 432 411 513 parte
431 428 538 493 arduis
556 427 802 512 praeruptisque
820 426 995 512 montibus,
1018 434 1057 493 set
1073 450 1157 493 unus

152 517 267 601 aditus,
286 517 341 599 qui
359 520 445 580 esset
462 516 548 580 inter
564 515 770 599 Esquilinum
783 512 1049 600 Quirinalemque
1067 538 1157 581 mon·

151 609 231 688 tem,
258 604 399 669 maximo
428 625 547 689 aggere
574 603 699 668 obiecto
722 603 811 668 fossa
834 602 1017 687 cingeretur
1039 605 1156 669 vastis-

152 692 249 776 sima,
277 697 374 774 atque
400 695 438 756 ut
464 692 512 755 ita
539 691 664 756 munita
687 712 745 755 arx
767 691 973 756 circumiectu
996 692 1100 757 arduo
1124 697 1155 757 et

150 776 613 932 attltttl‘ltllll
630 778 1155 931 tlltlttlllclllttll

152 957 249 1038 atque
271 890 395 1019 iniecta
416 954 637 1038 permanserit.
677 952 861 1037 Locumque
885 953 1007 1039 delegit
1030 958 1064 1018 et
1086 955 1154 1020 fon-

116 1061 120 1068 ’
151 1043 239 1107 tibus
270 1043 486 1107 abundantem
513 1044 546 1105 et
572 1041 608 1104 in
633 1041 765 1127 regione
787 1041 954 1125 pestilenti
976 1041 1154 1126 salubrem,

152 1131 251 1195 colles
275 1130 359 1194 enim
382 1133 470 1211 sunt,
498 1128 648 1212 quicum
670 1129 849 1213 perflantur
869 1129 946 1213 ipsi,
973 1132 1046 1193 tum
1069 1130 1154 1194 adfe-
1211 1184 1217 1201 .

152 1221 228 1282 runt
250 1218 399 1281 umbram
421 1217 571 1281 vallibus.
976 1281 982 1290 ,

114 1300 133 1363 7
219 1303 327 1388 Atque
353 1305 433 1368 haec
460 1304 588 1388 quidem
614 1303 820 1389 perceleriter
842 1303 993 1387 confecit3
1022 1309 1154 1369 namet

101 1377 134 1426 ¹²
152 1393 265 1456 urbem
293 1392 474 1475 constituit,
503 1414 600 1476 quam
624 1414 641 1456 e
665 1414 724 1457 suo
746 1392 875 1456 nomine
897 1391 1037 1456 Romam
1059 1392 1155 1457 iussit

152 1509 179 1559 p.
199 1482 263 1560 aer]
290 1479 465 1563 nominari,
494 1483 527 1543 et
554 1479 595 1544 ad
616 1476 816 1565 firmanldam
842 1500 961 1544 novam
988 1479 1154 1545 civitatem

152 1589 272 1632 novum
296 1567 456 1651 quoddam
479 1570 512 1630 et
535 1567 724 1652 subagreste
747 1566 925 1650 consilium,
948 1567 1005 1631 scd
1028 1567 1070 1632 ad
1088 1591 1154 1632 mu-

152 1654 286 1719 niendas
315 1676 393 1739 opes
422 1654 515 1740 regni
543 1676 581 1719 ac
606 1655 719 1739 populi
747 1654 797 1718 sui
824 1654 935 1740 magni
956 1654 1100 1720 hominis
1123 1659 1155 1720 et

153 1743 219 1806 iam
245 1746 316 1806 tum
343 1744 440 1828 longe
466 1742 665 1826 providentis
689 1744 816 1807 secutus
840 1746 993 1825 osteum
1017 1740 1155 1810 Sabinas

153 1829 290 1895 honesto
322 1833 411 1894 ortas
442 1828 514 1897 loco
541 1829 697 1914 virgines,
729 1850 811 1912 quae
838 1829 977 1894 Romam
1005 1829 1155 1912 ludorum

154 1918 262 2002 gratia
287 1918 464 2000 venissent,
492 1938 573 1999 quos
599 1921 670 1981 tum
696 1916 837 2001 primum
860 1917 1101 1984 anniversarios
1122 1919 1155 1983 in

153 2005 238 2069 circo
264 2004 370 2070 facere
396 2005 605 2088 instituisset,
633 2002 848 2069 Consualibus
875 2005 947 2088 rapi
968 2004 1067 2069 iussit
1090 2027 1156 2072 eas·

153 2119 181 2170 p.
192 2093 256 2170 271]
273 2113 333 2174 que
351 2092 387 2155 in
403 2091 601 2156 familiarum
620 2092 892 2175 amplissimarum
912 2093 916 2175 Ι
937 2093 1155 2158 matrimoniis

102 2199 134 2248 13
154 2178 333 2244 collocavit.
365 2178 435 2253 Qua
457 2200 497 2242 ex
519 2200 616 2243 causa
639 2201 711 2243 oum
728 2179 851 2243 bellum
869 2180 1024 2245 Romanis
1044 2179 1156 2246 Sabini

153 2266 340 2331 intulissent
366 2265 544 2349 proeliique
572 2269 734 2331 certamen
762 2267 888 2332 varium
916 2270 1014 2350 atque
1038 2290 1155 2354 anceps

152 2353 280 2437 fuisset,
312 2375 384 2418 cum
411 2351 446 2416 Τ.
474 2352 583 2436 Tatio,
614 2375 690 2440 rege
717 2351 922 2436 Sabinorum,
952 2355 1069 2421 foedus
1100 2358 1157 2422 icit

153 2442 311 2506 matronis
332 2440 421 2525 ipsis,
445 2462 526 2524 quae
549 2443 662 2523 raptae
681 2445 781 2524 erant,
804 2442 984 2526 orantibus,
1009 2465 1074 2526 quo
1092 2444 1156 2510 foe·

153 2529 227 2593 dere
251 2532 284 2593 et
306 2527 443 2593 Sabinos
465 2528 501 2591 in
523 2528 688 2593 civitatem
711 2528 847 2593 adscivit
870 2530 969 2594 saeris
992 2533 1157 2597 conmuni·

153 2616 235 2682 catis
259 2619 292 2680 et
314 2637 449 2700 regnum
472 2636 566 2680 suum
589 2616 815 2681 camillorum
838 2639 914 2703 rege
937 2617 1084 2684 sociavit.

114 2692 134 2755 8
218 2702 299 2767 Post
316 2703 484 2767 interitum
505 2706 614 2768 autem
628 2703 714 2767 Tatii
732 2725 805 2768 cum
824 2705 865 2769 ad
884 2727 956 2769 eum
970 2705 1156 2773 dominatus

101 2769 135 2815 14
152 2818 180 2870 p.
191 2792 257 2870 2⁷2]
277 2791 381 2854 omnis
399 2791 591 2874 rescidisset,
612 2792 616 2875 Ι
638 2813 832 2875 quamquam
850 2815 923 2857 cum
941 2791 1037 2858 Tatio
1055 2795 1093 2860 in
1110 2817 1157 2860 re

153 2877 243 2961 gium
266 2878 435 2941 consilium
454 2878 619 2963 delegerat
636 2879 796 2963 principes
815 2877 886 2963 (qui
903 2881 1061 2964 appellati
1080 2887 1157 2948 sunt

151 2969 286 3049 propter
304 2966 473 3030 caritatem
490 2963 637 3050 patres)
656 2967 876 3053 populumque
893 2971 926 3031 et
945 2989 1004 3032 suo
1019 2973 1052 3033 et
1068 2969 1157 3036 Tatii

151 3052 282 3116 nomine
312 3055 344 3116 et
370 3051 578 3136 Lucumonis,
609 3053 664 3137 qui
686 3053 819 3118 Romuli
845 3054 949 3119 socius
976 3055 1011 3119 in
1034 3053 1158 3124 Sabino

151 3139 276 3223 proelio
300 3140 468 3224 occiderat,
489 3141 525 3204 in
546 3141 651 3205 tribus
673 3142 735 3205 tris
758 3141 926 3226 curiasque
948 3143 1091 3228 triginta
1114 3147 1160 3211 di·

152 3227 326 3310 scripserat
354 3225 449 3312 (quas
477 3228 581 3292 curias
609 3249 719 3293 earum
741 3229 926 3294 nominibus
948 3235 1159 3319 nuncupavit,

152 3334 233 3394 quae
262 3334 301 3377 ex
323 3311 452 3378 Sabinis
479 3315 621 3401 virgines
648 3319 761 3400 raptae
788 3321 903 3400 postea
928 3317 1060 3385 fuerant
1089 3345 1160 3388 ora-

150 3399 247 3464 trices
274 3401 363 3484 pacis
391 3405 424 3465 et
449 3400 602 3489 foederis)
626 3440 667 3449 -
691 3404 748 3469 sed
776 3426 971 3488 quamquam
998 3429 1039 3473 ea
1061 3409 1161 3476 Tatio

149 3513 177 3564 p.
196 3489 262 3569 237]
290 3488 336 3553 sie
361 3493 454 3553 erant
473 3491 479 3574 Ι
499 3489 653 3574 discripta
675 3491 763 3575 vivo,
791 3495 902 3557 tamen
923 3514 961 3558 eo
983 3494 1164 3565 interfecto
