2446 3944
552 189 792 254 -158—

168 356 261 434 Quod
292 377 394 443 genus
425 355 578 440 peccandi
609 354 776 419 vitandum
808 358 859 418 est
889 356 988 419 etiam
1015 355 1050 419 in
1077 357 1178 423 rebus

167 445 309 512 urbanis.
346 442 428 507 Sunt
447 443 542 526 enim,
565 442 629 527 qui,
652 442 738 526 quod
756 442 909 527 sentiunt,
933 443 996 507 etsi
1014 444 1177 527 optimum

115 530 523 686 alllllhltbt
543 533 721 683 millet?
735 530 1083 685 tllsshthta
1103 620 1165 686 Pla

115 677 148 729 ³⁵
167 710 254 774 tonis
278 641 451 793 praecepita
476 642 621 791 tenehnt,
647 642 760 790 unuin,
787 710 825 770 ut
850 669 1028 771 utilitatdm
1056 708 1177 774 civium

168 798 215 862 sic
237 799 398 878 tueantur,
419 797 470 878 ut,
493 814 711 878 quaecumque
735 796 849 879 agunt,
873 795 915 859 ad
937 817 1009 859 eam
1031 796 1177 862 referant

169 884 264 950 obliti
283 883 524 948 commodorum
543 903 683 965 snorum,
707 883 854 966 alterum,
877 886 914 947 ut
932 886 1040 948 totum
1058 906 1176 972 corpus

168 973 215 1037 rci
237 972 386 1057 publicae
410 974 532 1053 curent,
553 992 603 1054 ne,
626 971 701 1034 dum
725 973 852 1054 partem
871 971 1014 1054 aliquam
1033 975 1175 1056 tuentur,

168 1060 309 1143 reliquas
334 1060 492 1124 deserant.
537 1056 583 1122 Ut
606 1057 691 1121 enim
714 1058 827 1141 tutela,
850 1058 896 1123 sic
917 1060 1106 1142 procuratio
1128 1061 1176 1126 rei

168 1148 317 1233 publicae
337 1147 378 1212 ad
396 1168 507 1211 corum
525 1145 711 1229 utilitatem,
735 1146 791 1229 qui
813 1147 978 1211 commissi
1001 1152 1087 1232 sunt,
1109 1170 1176 1214 non

169 1236 210 1300 ad
238 1257 361 1320 eorum,
393 1234 510 1318 quibus
542 1233 715 1299 commissa
746 1237 808 1317 est,
845 1234 986 1320 gerenda
1019 1239 1083 1319 est3
1121 1236 1176 1320 qui

169 1328 277 1389 autem
300 1324 388 1408 parti
411 1323 529 1387 civium
547 1322 728 1405 consulunt,
750 1325 878 1406 partem
895 1324 1083 1408 neglegunt,
1106 1347 1175 1390 rem
1219 1368 1221 1377 2

168 1411 475 1496 perniciosissimam
493 1410 528 1474 in
547 1410 712 1475 civitatem
730 1409 894 1492 inducunt,
917 1411 1110 1477 seditionem
1129 1417 1175 1477 at

169 1521 230 1583 que
254 1499 459 1582 discordiam3
482 1520 520 1562 cx
544 1520 607 1581 quo
631 1497 750 1580 evenit,
773 1502 810 1562 ut
832 1498 889 1562 alii
911 1501 1095 1583 populares,
1119 1501 1176 1565 alii

170 1587 307 1653 studiosi
327 1588 443 1673 optimi
461 1586 613 1669 cuiusque
631 1585 809 1668 videantur,
827 1587 922 1670 pauci
939 1588 1175 1653 universorum.

51 1743 54 1748 ,
116 1691 150 1742 86
169 1675 254 1740 Hinc
277 1681 363 1759 apud
390 1673 594 1738 Atheniensis
617 1695 755 1758 magnae
783 1673 972 1757 discordiae,
999 1675 1034 1739 in
1060 1680 1176 1742 nostra

169 1784 204 1826 rc
226 1762 358 1847 publica
379 1784 445 1826 non
468 1762 573 1826 solum
596 1762 783 1844 seditiones,
811 1761 867 1827 sed
892 1763 991 1827 ctiam
1018 1763 1176 1849 pestifera

169 1850 257 1914 bella
285 1850 406 1933 civilia3
436 1871 517 1932 quae
541 1849 650 1934 gravis
674 1853 706 1913 et
728 1849 823 1914 fortis
847 1850 926 1915 civis
949 1855 982 1915 et
1004 1851 1039 1915 in
1061 1874 1097 1917 rc
1118 1875 1175 1937 pu·

169 1938 255 2002 blica
278 1937 393 2023 dignus
421 1936 605 2021 principatu
627 1936 732 2021 fugiet
755 1942 852 2021 atque
876 1938 980 2003 oderit
1002 1941 1174 2024 tradetque

170 2047 204 2090 sc
226 2024 333 2101 totum
356 2025 403 2088 rei
427 2024 575 2109 publicae
598 2045 700 2106 nequo
724 2046 801 2109 opes
825 2030 882 2090 aut
901 2028 1084 2110 potentiam
1101 2050 1174 2094 oon-

170 2113 346 2177 sectabitur
364 2115 532 2196 totamque
551 2133 622 2176 eam
642 2112 687 2177 sic
705 2113 857 2197 tuebitur,
875 2117 913 2178 ut
932 2115 1082 2180 omnibus
1102 2138 1175 2182 con·

170 2201 271 2284 sulat;
288 2221 346 2265 nec
364 2221 441 2265 vero
460 2199 647 2264 criminibus
665 2199 758 2264 falsis
775 2202 810 2264 in
824 2202 932 2267 odium
947 2208 1005 2267 aut
1016 2203 1176 2269 invidiam

170 2310 363 2372 quemquam
377 2288 507 2353 vocabit
522 2288 714 2371 omninoque
726 2289 774 2352 ita
787 2290 931 2355 iustitiae
945 2290 1175 2376 honestatique

169 2376 388 2459 adhaerescet,
415 2380 465 2459 ut,
492 2375 568 2439 dum
591 2397 629 2440 ea
651 2381 831 2460 conservet,
860 2379 1008 2461 quamvis
1031 2380 1176 2464 graviter

169 2464 310 2529 offendat
333 2467 534 2547 mortemque
557 2467 691 2547 oppetat
713 2464 822 2550 potius
842 2487 939 2548 quam
958 2465 1086 2532 deserat
1105 2468 1174 2553 illa,

117 2567 149 2617 87
170 2573 251 2636 quae
270 2552 343 2616 dixi.
379 2551 560 2616 Miserrima
580 2551 710 2616 omniuo
729 2557 779 2616 est
798 2553 931 2618 ambitio
950 2553 1175 2640 honorumque

168 2640 342 2722 contentio,
361 2638 399 2704 de
419 2661 482 2723 qua
500 2640 665 2723 praeclare
684 2640 769 2724 apud
783 2641 917 2705 eundem
932 2647 982 2706 est
993 2641 1175 2728 Platonem,

169 2728 370 2793 ‘similiter
387 2726 517 2793 facere
535 2749 612 2810 eos,
631 2727 694 2811 qui
712 2728 815 2792 inter
829 2751 868 2793 se
882 2731 1175 2816 contenderent,

167 2820 253 2881 uter
275 2815 406 2900 potius
429 2837 508 2879 rem
530 2815 725 2900 publicam
744 2816 1053 2901 administraret,
1076 2822 1119 2884 nt
1142 2819 1175 2884 si

167 2908 308 2970 nautae
332 2906 541 2986 certarent,
572 2903 655 2986 quis
685 2925 814 2968 eorum
836 2905 1082 2989 potissimum
1110 2929 1176 2993 gu·

168 2990 369 3057 bernaret.'
406 2990 558 3074 Idemque
576 2991 742 3075 praecipit,
765 2995 802 3055 ut
826 2991 904 3056 ‘eos
928 2993 1175 3061 adversarios

169 3080 446 3162 existimemus,
469 3078 533 3162 qui
556 3100 660 3142 arma
683 3079 981 3164 contraierant,
1003 3104 1177 3166 noneos,

170 3168 233 3250 qui
265 3189 331 3232 suo
364 3166 508 3232 iudicio
543 3166 645 3230 tueri
681 3189 758 3230 rem
794 3168 989 3251 publicam
1026 3170 1177 3254 vel-int',

170 3255 275 3338 qualis
304 3253 367 3319 fuit
393 3255 477 3319 inter
504 3253 540 3318 P.
567 3253 758 3319 Africanum
786 3259 819 3319 et
846 3253 881 3330 Q.
908 3254 1080 3322 Metellum
1106 3258 1177 3325 sinc

169 3342 346 3406 acerbitate
370 3342 536 3407 dissensio.
730 3398 732 3404 .

117 3445 150 3494 88
234 3428 302 3495 Neo
329 3451 405 3494 vero
434 3429 594 3515 audiendi,
623 3430 678 3513 qui
706 3431 849 3516 graviter
876 3430 1014 3497 inimicis
1038 3433 1178 3499 irascen-

167 3518 246 3582 dum
272 3518 434 3604 putabunt
460 3517 557 3604 idque
588 3519 787 3604 magnanimi
819 3523 851 3583 et
881 3519 978 3584 fortis
1010 3520 1074 3585 viri
1106 3543 1178 3587 esse

65 3584 81 3715 l
