2446 3944
108 631 141 682 78

108 1594 142 1643 ’19

109 2293 142 2343 80

109 2993 141 3043 81

67 3638 150 3716 ἱ

541 179 782 245 -336-

158 355 292 437 propter
315 351 546 417 dissensionem
569 352 687 432 autem,
710 370 792 432 quae
816 352 885 414 eret
908 348 943 413 in
965 370 999 413 11
1025 349 1169 433 publica,

159 440 318 504 alienatus
342 443 393 503 est
415 461 435 503 a
458 439 585 524 collega
604 441 717 502 nostro
735 437 883 520 Metello,
905 441 1079 520 utrumque
1099 438 1170 523 egit

160 527 316 612 graviter,
349 526 543 591 auctoritate
566 529 599 590 et
622 524 798 590 offensione
826 525 926 589 animi
952 546 1018 589 non
1041 526 1169 590 acerba.

160 614 263 690 Quam
287 615 329 679 ob
352 636 421 678 rem
443 615 586 698 primum
608 613 714 677 danda
736 635 835 696 opera
858 616 916 696 est,
938 633 979 676 ne
1003 634 1068 695 qua
1089 613 1170 678 ami-

160 724 271 768 corum
294 702 427 767 discidia
449 702 543 784 fiant3
566 701 617 765 sin
639 701 706 766 tale
730 699 853 784 aliquid
876 700 1032 778 evenerit,
1055 704 1094 764 ut
1118 723 1169 765 ex·

159 790 281 855 tinctae
314 790 424 874 potius
457 788 617 854 amicitiae
650 810 747 871 quam
779 809 953 872 oppressae
984 788 1169 853 videantur.

160 876 345 942 Cauendum
368 899 458 961 vero,
489 899 530 942 ne
558 877 658 941 etiam
686 877 722 939 in
744 896 860 960 greum
882 875 1070 940 inimicitias
1095 898 1170 941 oon-

159 969 291 1031 vertant
313 987 347 1030 11
370 965 545 1048 1111111111,
567 986 606 1028 ex
625 963 741 1048 quibus
759 964 875 1048 iurgia,
894 963 1075 1047 maledieta,
1095 986 1170 1029 con·

159 1053 313 1118 tumeliae
337 1053 523 1140 gignuntur.
559 1050 648 1126 Quae
670 1056 781 1115 tamen
803 1052 832 1114 si
854 1051 1042 1115 tolerabiles
1063 1056 1170 1136 erunt,

158 1140 309 1207 ferendae
328 1145 416 1225 sunt,
444 1145 477 1205 et
499 1139 551 1205 hie
577 1140 681 1204 honos
709 1139 813 1204 veteri
840 1139 1001 1203 amicitiae
1024 1140 1170 1204 tribuen-

160 1229 228 1313 dus,
251 1232 288 1294 ut
306 1229 334 1293 is
356 1228 509 1312 inculpa
532 1227 588 1311 sit,
612 1227 668 1310 qui
688 1225 801 1310 faciat,
832 1248 911 1310 non,
938 1227 995 1311 qui
1020 1228 1170 1311 patiatur

159 1339 320 1381 1munam.

227 1404 365 1469 Omnino
389 1403 532 1468 omnium
554 1402 671 1467 horum
694 1401 848 1467 vitiorum
871 1405 968 1485 atque
990 1400 1169 1467 incommo-

161 1492 275 1556 dorum
297 1514 362 1556 una
383 1491 490 1556 cautio
515 1494 565 1555 111
584 1494 681 1574 atque
699 1512 764 1554 una
782 1490 935 1573 provisio,
958 1492 994 1553 ut
1012 1511 1053 1554 ne
1068 1490 1168 1555 nimis

161 1580 225 1644 cito
249 1579 383 1665 diligere
406 1579 562 1663 incipiant
584 1601 665 1643 neue
687 1599 753 1642 non
776 1577 900 1662 dignos.
937 1576 1038 1660 Digni
1057 1581 1168 1643 autem

161 1671 237 1731 sunt
266 1667 421 1750 amicitia,
454 1668 569 1750 quibus
596 1667 631 1730 in
652 1666 733 1751 ipsis
755 1665 841 1728 inest
863 1685 974 1748 causa,
1006 1686 1064 1729 cur
1098 1665 1169 1729 dili-

162 1759 288 1840 gantur.
334 1754 457 1819 Rarum
480 1775 591 1840 genus.
634 1753 679 1817 Et
707 1753 836 1836 quidem
863 1753 972 1817 omnia
998 1754 1169 1836 praeclara

160 1864 243 1920 1111,
264 1863 324 1907 nee
346 1841 518 1924 quicquam
542 1841 703 1906 difficilius
728 1862 825 1923 quam
843 1840 993 1924 reperire,
1016 1841 1104 1923 quod
1123 1841 1169 1906 sit

161 1929 249 1992 omni
272 1950 311 1992 ex
333 1933 426 2013 parte
448 1929 483 1992 in
505 1951 563 1993 111
587 1950 704 2013 genere
724 1927 911 2012 perfectum.
943 1926 1005 1992 Sed
1019 1928 1167 2012 plerique

160 2037 263 2100 neque
285 2015 321 2079 in
342 2016 439 2080 rebus
456 2016 607 2081 humanis
626 2016 798 2099 quiequam
816 2015 937 2080 bonum
954 2019 1085 2098 norunt,
1103 2016 1168 2080 nisi

161 2103 247 2186 quod
269 2103 471 2168 fructuosum
494 2105 547 2187 sit,
570 2107 602 2168 et
622 2103 741 2168 amicos
764 2107 932 2186 tamquam
950 2103 1089 2186 pecudes
1111 2125 1167 2168 eos

161 2191 368 2275 potissimum
391 2191 545 2275 diligunt,
569 2191 741 2274 exquibus
766 2194 897 2274 sperant
921 2212 955 2254 se
979 2213 1168 2256 maxumum

160 2278 303 2342 fructum
321 2299 390 2342 esse
405 2283 565 2362 capturos.
601 2278 654 2342 Ita
667 2278 884 2363 pulcherrima
897 2278 956 2342 illa
970 2283 1002 2341 et
1016 2300 1168 2344 maxume

160 2366 303 2431 naturali
326 2369 437 2430 carent
460 2365 603 2430 amicitia
625 2388 683 2450 per
704 2388 738 2430 11
757 2370 942 2450 etpropter
964 2387 998 2429 se
1022 2367 1168 2450 expetita

160 2475 219 2518 neo
249 2454 314 2539 ipsi
346 2454 409 2518 sibi
441 2455 587 2537 exemplo
620 2458 708 2538 sunt,
739 2453 819 2518 haec
854 2454 903 2518 vis
937 2453 1100 2518 amicitiae
1134 2459 1169 2520 et

162 2541 268 2623 qualis
292 2545 324 2605 et
352 2545 473 2624 quanta
505 2542 556 2607 sit.
601 2542 675 2626 Ipse
708 2542 792 2605 enim
823 2563 857 2606 11
886 2542 1020 2624 quisque
1049 2542 1169 2628 diligit,

160 2649 226 2693 non
248 2632 285 2693 ut
309 2629 450 2713 aliquam
473 2652 493 2695 a
516 2651 550 2694 se
577 2629 646 2714 ipse
674 2629 853 2694 mercedem
882 2629 992 2714 exigat
1019 2629 1168 2694 caritatis

162 2738 251 2800 suae,
280 2717 335 2780 sed
358 2717 444 2799 quod
466 2739 524 2801 per
547 2739 581 2782 11
605 2717 668 2781 sibi
691 2718 827 2801 quisque
850 2738 942 2799 carus
971 2720 1028 2781 est.
1074 2715 1169 2792 Quod

160 2805 225 2868 nisi
247 2804 333 2868 idem
348 2805 383 2867 in
399 2805 575 2870 amicitiam
589 2804 811 2887 transferetur,
829 2825 924 2868 verus
939 2804 1061 2868 amicus
1074 2827 1169 2869 num·

162 2913 259 2974 quam
282 2892 475 2976 reperietur3
502 2895 553 2956 est
575 2892 660 2956 enim
683 2893 725 2975 is,
753 2891 808 2975 qui
827 2894 877 2955 est
895 2895 1063 2974 tamquam
1082 2893 1168 2957 alter

161 2979 255 3044 idem.
292 2979 415 3055 Quodsi
431 2980 493 3044 hoo
512 2983 649 3064 apparet
669 2980 703 3043 in
726 2979 849 3062 11111111,
869 2979 1065 3063 volucribus,
1086 3002 1169 3045 nan-

161 3067 259 3151 tibus,
283 3067 477 3152 agrestibus,
500 3067 669 3151 cicuribus,
691 3067 782 3150 feris,
805 3067 947 3151 primum
967 3071 1004 3131 ut
1023 3067 1168 3150 seipsae

161 3154 301 3240 diligant
322 3154 369 3239 (id
383 3155 468 3218 enim
487 3155 608 3238 pariter
622 3177 695 3220 cum
710 3155 798 3218 omni
817 3155 980 3219 animante
997 3152 1169 3240 nascitur),

161 3241 274 3306 deinde
296 3245 334 3306 ut
356 3242 524 3326 requirent
551 3246 649 3326 atque
677 3243 846 3327 adpetant,
878 3243 919 3306 ad
946 3264 1026 3326 quas
1052 3263 1086 3306 11
1115 3244 1169 3308 ad·

160 3329 282 3411 plicent
305 3329 448 3394 eiusdem
471 3330 598 3415 generis
623 3330 807 3412 animantis,
829 3330 925 3413 idque
947 3329 1074 3394 faciunt
1094 3352 1169 3396 oum

161 3415 317 3480 desiderio
342 3421 374 3481 et
397 3439 470 3482 cum
494 3418 632 3501 quadam
651 3417 862 3482 similitudine
881 3417 1001 3482 amoris
1022 3417 1168 3503 humani,

161 3507 282 3586 quanto
304 3503 338 3567 id
361 3505 466 3591 magis
490 3506 524 3570 in
546 3506 676 3571 homine
694 3507 733 3570 fit
755 3508 885 3571 natura!
910 3505 966 3590 qni
988 3509 1022 3569 et
1042 3527 1077 3572 11
1095 3507 1169 3593 ipsa
