2446 3944
489 229 531 241 --
578 192 731 258 343-

98 371 148 433 est
171 367 212 432 ab
233 367 384 450 amand03
407 388 515 432 amare
534 369 642 431 autem
664 365 747 430 nihil
770 369 820 430 est
843 364 931 430 aliud
941 365 1012 430 nisi
1030 387 1104 431 eum

98 456 206 540 ipsum
234 454 379 540 diligere,
412 476 507 538 quem
535 475 637 538 ames,
667 455 759 519 nulla
789 453 982 539 indigentia,
1012 454 1104 519 nulla

98 543 243 607 utilitate
267 543 427 627 quaesita,
450 564 532 626 quae
553 546 665 607 tamen
686 543 759 627 ipsa
777 542 954 607 ecflorescit
973 563 1012 606 ex
1026 543 1104 607 ami·

100 632 190 715 citia,
222 630 350 695 etiamsi
377 634 414 695 tu
441 652 513 695 eam
540 631 646 695 minus
678 635 806 696 secutus
834 630 888 694 sis.
932 629 1004 696 Hac
1029 644 1155 694 nos101

100 720 321 784 adulescentes
344 718 564 783 benivolentia
587 740 678 782 senes
706 720 798 800 illos,
824 718 860 783 L.
882 716 1033 802 Paulum,
1061 718 1104 782 M.

100 806 265 891 Catonem,
289 806 323 872 (l.
347 805 475 891 Galum,
499 806 535 872 P.
558 806 725 891 Nasicam,
751 806 798 884 Ti.
822 805 1016 885 Gracchum,
1040 803 1104 871 Sci·

99 895 205 979 pionis
237 894 343 960 nostri
370 916 529 979 socerum,
562 895 745 978 dileximus,
774 896 854 959 haec
877 894 975 959 etiam
998 895 1103 981 magis

101 985 204 1048 elucet
227 983 312 1048 incr
335 984 500 1068 aequales,
530 986 568 1047 ut
593 983 679 1046 inter
705 1004 757 1047 me
785 986 817 1047 et
841 980 1037 1067 Scipionem,
1068 981 1104 1047 L.

77 1142 80 1151 Ι
99 1070 240 1154 Furium,
263 1070 298 1136 P.
320 1071 497 1155 Rupilium,
520 1069 573 1156 Sp.
587 1069 786 1136 Mummium.
818 1069 971 1135 Vicissim
995 1074 1103 1135 autem

101 1180 191 1223 senes
219 1159 254 1223 in
281 1159 534 1224 adulescentium
562 1159 697 1224 caritate
725 1158 972 1243 adquiescimus,
1004 1162 1041 1222 ut
1069 1159 1104 1222 in

98 1251 217 1331 vestra,
239 1250 277 1312 ut
299 1247 333 1310 in
357 1246 392 1322 Q.
415 1247 609 1331 Tuberonis3
636 1247 783 1330 equidem
805 1247 905 1311 etiam
930 1246 1104 1312 admodum

99 1335 314 1400 adulescentis
343 1334 378 1400 P.
406 1335 524 1419 Rutili,
560 1335 600 1399 A.
627 1334 765 1420 Vergini
795 1335 1020 1400 familiaritate
1053 1335 1104 1400 de-

98 1423 209 1487 lector.
242 1422 465 1506 Quoniamque
487 1424 536 1488 ita
557 1423 642 1488 ratio
666 1427 854 1507 comparata
877 1426 927 1488 est
944 1424 1032 1488 vitae
1049 1444 1104 1488 na-

99 1514 254 1594 turaeque
271 1515 412 1595 nostrae,
434 1516 472 1576 ut
486 1512 552 1576 alia
564 1532 602 1576 ec
614 1512 681 1576 aliu
699 1514 788 1576 aetas
803 1511 935 1595 oriatur,
954 1533 1103 1576 maxume

101 1598 229 1681 quidem
252 1599 430 1683 optandum
454 1603 512 1683 est,
535 1602 572 1664 ut
590 1621 662 1664 cum
686 1599 873 1682 aequalibus
897 1599 1013 1684 possis,
1037 1601 1104 1684 qui-

99 1686 233 1751 buscum
256 1690 424 1770 tamquam
443 1709 459 1750 e
479 1687 659 1752 carceribus
679 1688 815 1751 emissus
835 1687 889 1770 sis,
909 1709 982 1751 cum
1000 1687 1103 1752 isdem

99 1774 139 1838 ad
162 1775 296 1858 calcem,
328 1778 365 1838 ut
388 1775 517 1858 dicitur,
543 1774 719 1859 pervenire.
765 1773 826 1839 Sed
855 1775 1007 1858 quoniam
1037 1797 1089 1840 res
1106 1786 1156 1836 102

98 1862 259 1926 humanae
281 1862 416 1947 fragiles
440 1863 640 1946 caducaeque
663 1865 752 1946 sunt,
776 1884 902 1947 semper
925 1863 1026 1947 aliqui
1050 1886 1103 1929 an-

100 1949 247 2032 quirendi
269 1954 358 2034 sunt,
382 1972 462 2033 quos
486 1950 660 2035 diligamus
679 1954 711 2014 et
735 1973 754 2014 a
777 1951 893 2035 quibus
915 1951 1103 2038 diligamur3

99 2036 235 2101 caritate
268 2037 353 2102 enim
384 2037 666 2121 benivolentiaque
703 2039 832 2103 sublata
869 2039 973 2103 omnis
1006 2044 1056 2104 est
1085 2063 1103 2105 e

98 2126 168 2190 vita
196 2125 326 2189 sublata
352 2125 543 2191 iucunditas
587 2125 669 2190 Mihi
692 2127 820 2210 quidem
844 2125 963 2211 Scipio,
994 2150 1103 2211 quam-

99 2235 197 2297 quam
216 2216 265 2277 est
285 2213 392 2278 subito
413 2218 551 2298 ereptuS,
569 2214 652 2280 vivit
665 2218 776 2279 tamen
794 2237 983 2299 semperque
1001 2216 1102 2300 vivet,

98 2301 254 2365 virtutem
282 2301 367 2365 enim
395 2303 502 2367 amavi
527 2302 617 2366 illius
644 2301 719 2380 viri,
752 2325 832 2386 quae
865 2303 1006 2368 extincta
1037 2326 1104 2369 non

99 2393 165 2471 est3
193 2410 252 2453 nec
279 2389 360 2453 mihi
393 2390 454 2453 soli
486 2393 635 2455 versatur
665 2393 739 2454 ante
767 2382 891 2474 oculds,
924 2392 980 2474 qui
1010 2391 1102 2456 illam

100 2498 226 2560 semper
261 2476 296 2541 in
327 2478 476 2541 manibus
508 2478 621 2560 habui,
654 2477 709 2541 scd
741 2478 840 2542 etiam
869 2478 1008 2562 posteris
1042 2480 1103 2544 erit

99 2564 188 2628 clara
202 2567 234 2628 et
252 2564 399 2650 insignis.
427 2565 532 2630 Nemo
545 2587 700 2647 umquam
714 2565 821 2628 animo
837 2569 894 2629 aut
908 2587 964 2649 spe
979 2567 1103 2632 maiora

99 2651 265 2737 suscipiet,
294 2653 349 2736 qui
373 2653 435 2716 sibi
457 2675 523 2717 non
545 2652 633 2716 illius
657 2652 846 2728 memoriam
869 2655 966 2735 atque
989 2654 1103 2738 imagi·

97 2761 172 2803 nem
189 2741 432 2824 proponendam
450 2744 551 2824 putet.
582 2739 741 2823 Equidem
758 2761 796 2802 ex
815 2740 963 2803 omnibus
982 2740 1089 2824 rebus,
1105 2757 1156 2806 103

99 2849 178 2911 quas
202 2828 283 2892 mihi
306 2833 363 2893 aut
385 2829 517 2893 fortuna
540 2831 596 2893 aut
613 2831 730 2891 natura
748 2827 874 2911 tribuit,
891 2827 973 2890 nihil
988 2827 1103 2911 habe0,

99 2915 185 2998 quod
212 2937 284 2980 cum
317 2916 460 2981 amicitia
487 2914 645 3000 Scipionis
673 2915 796 3000 possim
823 2936 1020 2999 comparare.
1063 2914 1103 2979 In

97 3002 158 3068 hac
180 3003 262 3067 mihi
285 3005 323 3068 de
346 3026 381 3068 re
404 3004 534 3088 publica
557 3024 746 3087 consensus,
769 3003 804 3067 in
825 3003 887 3066 hac
909 3024 1017 3066 rerum
1040 3004 1103 3087 pri-

96 3095 247 3157 vatarum
271 3092 454 3175 consilium,
486 3092 520 3155 in
547 3091 659 3156 eadem
686 3090 812 3174 requies
837 3091 935 3174 plena
962 3092 1102 3156 oblecta-

96 3179 195 3244 tionis
222 3180 294 3245 fuit.
340 3179 526 3263 Numquam
553 3179 647 3243 illum
669 3200 710 3243 ne
742 3178 876 3242 minima
908 3177 1036 3261 quidem
1068 3201 1103 3244 re

96 3268 223 3351 offendi,
247 3268 333 3352 quod
357 3268 484 3351 quidem
504 3267 667 3350 senserim,
685 3266 767 3329 nihil
787 3265 895 3330 audivi
913 3286 953 3330 ex
970 3266 1034 3355 eo’

96 3356 182 3439 quod
213 3357 350 3439 nollem,
381 3378 446 3421 una
473 3356 586 3421 domus
619 3358 701 3437 erat,
738 3354 823 3417 idem
855 3352 985 3442 victus,

70 3444 289 3528 communis,
308 3465 411 3527 neque
436 3444 540 3509 solum
563 3442 694 3525 militia,
719 3440 896 3506 sedetiam
918 3465 941 3527 p

94 3530 200 3596 tiones
224 3532 515 3618 rusticationesque
539 3550 732 3596 communes.
764 3527 850 3594 Nam
874 3528 952 3616 quid
