2446 3944
438 189 678 255 -155‘-

56 352 736 526 lttih,albwllhltlllideffatl
757 353 910 507 stitit?
930 354 1060 530 tlibi

56 529 141 612 eius,
164 528 220 612 qui
242 551 262 592 a
285 525 403 594 Solone
431 532 501 593 erat
523 530 730 594 constitutus.
773 529 865 595 Licet
886 530 998 595 eadem
1021 529 1059 595 de
1079 547 1113 597 16

56 615 220 680 Pausania
250 614 481 700 Lysandroque
512 617 628 700 dicere,
662 638 799 700 quorum
830 618 926 682 rebus
960 618 1061 703 gestis

58 724 257 787 quamquam
284 703 456 788 imperium
478 702 739 769 Lacedaemoniis
764 710 892 785 partum
918 709 1061 790 putatur,

56 796 169 856 tamen
194 812 235 855 ne
261 791 396 856 minima
423 791 552 875 quidem
579 814 618 856 ex
644 796 736 877 parte
762 791 902 878 Lycurgi
933 793 1061 878 legibus

57 884 92 944 et
124 879 315 963 disciplinae
346 878 531 945 conferendi
562 883 652 964 sunt3
685 879 764 963 quin
795 881 895 945 etiam
927 881 968 946 ob
1000 881 1060 946 has

57 967 148 1052 ipsas
180 987 294 1032 causas
328 970 360 1031 et
391 967 592 1052 parentiores
624 967 807 1033 habuerunt
838 968 996 1033 exercitus
1028 972 1061 1033 et

59 1055 220 1120 fortiores.
264 1054 347 1119 Mihi
375 1055 503 1138 quidem
530 1076 633 1138 neque
655 1055 764 1139 pueris
787 1056 881 1120 nobis
903 1054 946 1120 M.
966 1054 1060 1120 Scau·

58 1163 114 1206 rus
137 1140 172 1208 0.
194 1141 298 1207 Mario
330 1164 446 1226 neque,
478 1165 550 1208 cum
576 1165 779 1208 versaremur
804 1145 839 1207 in
865 1143 1061 1227 republica,

59 1229 96 1305 Q.
115 1227 250 1294 Catulus
269 1228 326 1295 On.
344 1229 498 1315 Pompeio
521 1231 632 1296 cedere
655 1231 837 1314 videbatur3
860 1231 953 1315 parvi
975 1230 1060 1294 enim

57 1321 136 1382 sunt
159 1316 239 1382 foris
262 1339 366 1401 arma,
392 1319 457 1382 nisi
483 1322 533 1383 est
564 1319 735 1384 consilium
767 1319 867 1403 domi3
896 1339 955 1382 nec
986 1318 1061 1402 plus

58 1405 245 1490 Africanus,
260 1406 434 1490 singularis
454 1410 486 1470 et
499 1407 550 1472 vir
564 1412 597 1471 et
610 1407 796 1492 imperator,
814 1406 849 1469 in
867 1403 1062 1470 excindenda

58 1492 239 1558 Numantia
265 1493 313 1557 rei
339 1493 487 1577 publicae
509 1495 633 1578 profuit
661 1517 757 1578 quam
780 1494 892 1558 eodem
915 1496 1061 1576 tempore

57 1581 94 1646 P.
107 1579 228 1646 Nasica
241 1581 397 1665 privatus,
411 1603 483 1647 cum
497 1581 545 1647 li.
559 1581 740 1647 Gracchum
756 1581 934 1663 interemit3
953 1602 1062 1664 quam·

60 1691 158 1753 quam
180 1668 260 1733 haec
283 1669 412 1752 quidem
443 1691 495 1733 res
524 1690 591 1733 non
618 1670 723 1734 solum
751 1690 789 1733 ex
812 1668 989 1733 domestica
1012 1671 1062 1733 est

59 1757 187 1822 ratione
210 1755 360 1842 (attingit
379 1757 477 1822 etiam
495 1757 659 1841 bellicam,
679 1757 832 1841 quoniam
850 1757 883 1821 vi
901 1777 1062 1839 manuque

57 1844 207 1911 confecta
229 1842 303 1930 est),
325 1844 381 1909 sed
403 1849 514 1909 tamen
530 1845 564 1908 id
585 1845 693 1930 ipsum
711 1849 761 1910 est
780 1848 907 1930 gestum
926 1844 1061 1910 consilio

58 1933 184 1999 urbano
208 1932 276 1997 sine
304 1932 453 1998 exercitu.
497 1932 583 1997 Illud
611 1936 718 1998 autem
747 1932 905 2018 optimum
933 1935 996 2017 cst,
1027 1933 1063 1996 in
1080 1948 1114 1998 11

59 2020 147 2106 quod
169 2020 278 2085 invadi
301 2021 404 2085 solere
428 2021 468 2085 ab
492 2021 636 2106 inprobis
659 2024 692 2085 et
714 2020 832 2085 invidis
855 2019 964 2085 audio:

104 2106 251 2174 Cedant
274 2130 378 2173 arma
399 2112 528 2193 togae,
552 2108 736 2174 concedat
758 2109 892 2173 laurea
914 2106 1030 2172 laudi.

58 2195 107 2261 Ut
129 2196 215 2261 enim
243 2195 325 2261 alios
352 2197 515 2279 omittam,
541 2197 635 2261 nohis
663 2218 733 2260 rem
759 2196 924 2280 publicam
946 2196 1061 2280 guber-

58 2285 214 2349 nantibus
240 2305 347 2348 nonne
373 2287 470 2369 togae
502 2306 592 2349 arma
623 2284 809 2349 cesserunt?
841 2305 946 2368 neque
975 2284 1062 2347 enim

58 2372 238 2457 periculum
269 2372 304 2437 in
335 2392 370 2435 re
401 2371 531 2457 publica
561 2372 624 2436 fuit
654 2372 786 2457 gravius
817 2392 972 2456 umquam
1003 2390 1062 2436 nec

60 2460 165 2525 maius
189 2460 300 2525 otium.
345 2458 398 2525 Ita
426 2459 569 2524 consiliis
592 2460 825 2546 diligentiaque
847 2462 961 2524 nostra
983 2457 1063 2524 cele

60 2548 142 2613 riter
161 2547 200 2612 de
218 2546 367 2612 manibus
387 2547 674 2612 audacissimorum
692 2547 810 2612 civium
824 2546 957 2631 delapsa
971 2569 1063 2611 arma
1138 2612 1140 2616 1

59 2636 133 2720 ipsa
159 2635 351 2701 ceciderunt.
396 2634 483 2710 Quae
515 2657 567 2700 res
599 2635 700 2720 igitur
727 2637 822 2719 gesta
847 2655 1002 2718 umquam
1028 2635 1063 2697 in

58 2724 148 2788 bello
170 2723 284 2788 tanta?
308 2722 364 2807 qui
384 2723 568 2808 triumphus
597 2721 828 2787 conferendus?
873 2721 949 2786 licet
977 2720 1062 2785 enim
1082 2737 1116 2788 78

59 2811 155 2895 mihi,
186 2809 228 2876 M.
255 2811 317 2894 fili,
349 2811 434 2896 apud
464 2815 498 2875 te
530 2809 676 2896 gloriari,
709 2809 750 2873 ad
781 2830 876 2893 quem
909 2812 941 2872 et
972 2807 1063 2872 here-

60 2899 147 2963 ditas
160 2897 256 2964 huius
271 2898 395 2985 gloriae
409 2903 442 2963 et
459 2898 620 2963 factorum
637 2897 778 2962 imitatio
796 2897 946 2980 pertinet.
982 2893 1063 2959 Mihi

60 2987 191 3071 quidem
209 2990 296 3051 certe
314 2987 365 3052 vir
383 2986 548 3051 abundans
567 2985 692 3051 bellicis
712 2984 875 3066 laudibus,
898 2981 955 3048 On.
968 2981 1063 3046 Pom·

59 3075 166 3161 peius,
188 3075 302 3141 multis
330 3074 533 3140 audientibus
560 3073 622 3139 hoc
648 3072 777 3156 tribuit,
799 3075 837 3137 ut
856 3071 975 3135 diceret
997 3069 1063 3134 fru-

61 3166 131 3229 stra
154 3186 189 3229 se
210 3161 412 3249 triumphum
435 3163 569 3227 tertium
592 3161 837 3247 deportaturum
859 3158 973 3244 fuisse,
999 3158 1065 3225 nisi

60 3273 133 3317 meo
151 3252 186 3317 in
204 3274 273 3317 rem
291 3250 455 3336 publicam
473 3249 641 3333 benefici0,
658 3248 716 3350 ubi
733 3247 961 3348 triumpharet,
977 3230 1158 3407 aar

59 3339 242 3404 habiturus.
291 3339 374 3405 Sunt
405 3337 507 3424 igitur
538 3338 732 3403 domesticae
759 3335 967 3400 fort1tud1nes

59 3425 230 3492 inferiores
253 3426 464 3509 militaribus3
490 3426 525 3490 in
552 3425 669 3509 quibus
691 3424 765 3508 plus
789 3423 887 3489 etiam
911 3442 1012 3509 quam

59 3513 112 3579 his
136 3536 252 3600 operae
276 3515 437 3598 studiique
459 3513 644 3600 ponendum
667 3515 725 3579 est.
886 3420 1036 3702 A
