2446 3944
546 189 787 254 -460-

164 351 218 434 qui
237 349 277 414 ad
295 351 495 433 voluptatem
515 371 553 414 ea
570 349 724 430 refenmt‚
746 370 828 433 quae
846 350 1023 431 sequuntur
1040 347 1079 412 in
1098 349 1174 432 vita,

163 443 209 522 ut,
231 458 429 521 quocumque
447 437 527 516 haec
546 437 618 502 loco
632 437 861 520 suppeditetur,
879 435 926 499 ibi
938 436 1036 501 beate
1051 440 1174 520 queant

163 526 279 590 vivere.
314 524 429 608 Itaque
447 524 488 589 ad
507 546 633 589 omnem
651 525 811 589 rationem
829 523 944 588 Teucri
963 544 1029 588 vox
1048 545 1172 588 accom-

164 613 289 678 modari
310 616 433 695 potest:

231 734 364 800 Patria
387 738 459 820 est,
481 735 708 818 ubicumque
732 736 789 799 est
811 735 914 799 bene.

166 875 313 941 Socrates
342 875 469 960 quidem
497 897 568 940 cum
595 878 778 959 rogaretur,
806 874 943 940 cuiatem
972 896 1007 940 se
1031 897 1105 941 esse
1128 876 1172 941 di·

166 968 263 1046 ceret,
287 962 548 1028 ‘Mundanum'
567 962 685 1047 inquit3
708 963 809 1028 totius
829 963 915 1026 enim
932 963 1046 1027 mundi
1070 986 1105 1029 se
1127 964 1172 1028 in·

165 1054 269 1118 oolam
308 1055 340 1116 et
372 1052 474 1116 civem
506 1050 733 1115 arbitrabatur.
788 1050 892 1127 Quid?
946 1051 981 1114 Τ.
1013 1051 1172 1117 Albucius

165 1161 273 1205 nonne
301 1139 409 1204 animo
440 1138 632 1222 aequissimo
655 1138 794 1202 Athenis
822 1137 895 1202 exul
918 1138 1172 1222 philosophaba-

165 1228 239 1293 tur?
268 1228 320 1293 cui
346 1231 456 1291 tamen
482 1227 563 1291 illud
591 1227 698 1310 ipsum
724 1248 791 1291 non
813 1225 996 1311 accidisset,
1023 1228 1052 1291 si
1082 1228 1117 1292 in
1138 1248 1173 1291 re

115 1331 164 1379 109
187 1316 317 1398 publica
331 1315 496 1398 quiescens
509 1313 644 1397 Epicuri
661 1314 789 1397 legibus
806 1315 977 1397 paruisset.
1010 1313 1075 1389 Qui
1089 1315 1172 1380 enim

165 1405 290 1468 beatior
308 1402 480 1485 Epicurus,
503 1401 587 1486 quod
609 1402 644 1466 in
666 1403 773 1485 patria
790 1402 933 1486 vivebat,
957 1424 1064 1486 quam,
1089 1402 1173 1488 quod

166 1491 317 1574 Athenis,
339 1490 564 1554 Metrodorus?
588 1493 644 1554 aut
666 1489 761 1555 Plato
784 1488 998 1554 Xenocratem
1021 1491 1173 1556 vincebat

167 1583 222 1644 aut
251 1578 384 1643 Polemo
416 1576 608 1661 Arcesilam,
639 1598 702 1661 quo
730 1581 816 1642 esset
846 1578 996 1643 beatior?
1052 1577 1172 1654 Quanti

167 1689 241 1732 vero
259 1668 323 1730 ista
345 1666 459 1730 civitas
483 1665 682 1729 aestimanda
704 1669 767 1749 est,
795 1686 833 1728 ex
860 1687 923 1749 qua
944 1665 1025 1730 boni
1049 1668 1173 1750 sapien·

165 1759 277 1839 tesque
296 1753 482 1837 pelluntur?
513 1751 708 1817 Damaratus
727 1753 863 1836 quidem,
882 1753 1052 1836 Tarquinii
1070 1755 1172 1819 nostri

166 1844 253 1926 regis
274 1844 380 1924 pater,
406 1845 581 1924 tyrannum
605 1838 780 1924 Cypselum
808 1840 893 1925 quod
919 1839 1004 1904 ferre
1026 1863 1095 1907 non
1117 1864 1171 1926 po·

167 1932 263 2006 terat,
291 1929 377 2012 fugit
399 1928 591 2011 Tarquinios
615 1927 771 1993 Corintho
795 1932 828 1992 et
854 1929 901 1992 ibi
924 1951 999 1994 suas
1025 1929 1171 1994 fortunas

167 2016 334 2082 constituit
352 2037 389 2079 ac
407 2016 526 2081 liberos
545 2018 735 2098 procreavit.
766 2014 855 2081 Num
874 2017 973 2080 stulte
990 2018 1174 2100 anteposuit

114 2076 165 2201 ᾗῇ)
189 2104 277 2168 exilii
312 2103 497 2167 libertatem
534 2104 725 2169 domesticae
762 2104 931 2168 servituti?
986 2102 1059 2168 lam
1097 2126 1170 2171 vero

167 2196 273 2256 motus
297 2190 410 2273 animi,
440 2191 672 2256 sollicitudines
697 2192 978 2276 aegritudinesque
1007 2193 1172 2258 oblivione

167 2280 330 2343 leniuntur
357 2278 512 2344 traductis
541 2280 657 2344 animis
687 2279 727 2344 ad
749 2281 959 2362 voluptatem.
1003 2279 1082 2345 Non
1105 2282 1173 2345 sine

167 2389 263 2431 eausa
285 2367 386 2451 igitur
404 2366 564 2451 Epicurus
583 2389 678 2431 ausus
702 2371 759 2431 est
774 2367 878 2431 dicere
901 2389 1029 2450 semper
1045 2368 1083 2432 in
1105 2370 1172 2452 plu·

166 2455 256 2519 ribus
279 2455 374 2520 bonis
394 2477 463 2520 esse
482 2455 672 2539 sapientem,
695 2456 770 2538 quia
792 2476 918 2538 semper
940 2456 984 2520 sit
1007 2456 1042 2519 in
1062 2457 1173 2540 volup-

165 2543 297 2606 tatibus.
342 2542 392 2606 Ex
411 2563 473 2626 quo
496 2543 580 2606 effici
602 2546 697 2625 putat
717 2543 790 2625 ille,
813 2543 897 2626 quod
921 2542 1118 2627 quaerimus,
1139 2548 1174 2607 ut

115 2651 164 2700 111
189 2631 316 2714 sapiens
354 2652 479 2714 semper
510 2630 623 2694 beatus
660 2631 712 2694 sit.
766 2631 931 2714 Etiamne,
963 2631 991 2695 si
1024 2633 1173 2697 sensibus

167 2719 289 2783 carebit
316 2719 494 2800 oculorum,
522 2719 550 2782 si
573 2718 720 2782 aurium?
765 2718 887 2802 Etiam3
917 2740 992 2782 nam
1016 2719 1083 2784 ista
1104 2721 1173 2803 ipsa

167 2806 353 2871 contemnit.
389 2805 533 2869 Primum
556 2806 641 2869 enim
663 2804 831 2871 horribilis
854 2806 919 2871 ista
941 2805 1083 2871 caecitas
1107 2808 1172 2892 qui·

166 2895 226 2958 bus
258 2894 389 2958 tandem
421 2897 508 2957 caret
539 2892 785 2976 voluptatibus?
817 2916 889 2959 cum
916 2894 1047 2977 quidam
1076 2897 1172 2959 etiam

167 2982 332 3065 disputent
349 2985 471 3046 ceteras
489 2983 671 3064 voluptates
690 2983 724 3046 in
744 2982 824 3064 ipsis
842 2982 990 3046 habitare
1010 2983 1169 3066 sensibus3

167 3092 247 3155 quae
276 3073 383 3134 autem
411 3073 542 3152 aspectu
568 3070 800 3153 percipiantur,
830 3091 869 3133 ea
895 3091 962 3134 non
987 3071 1113 3135 versari
1141 3070 1173 3134 in

79 3200 82 3205 -
167 3159 331 3223 oculorum
349 3157 417 3222 ulla
434 3157 647 3235 iucunditate,
665 3161 702 3222 ut
720 3180 771 3241 ea,
793 3179 874 3241 quoe
892 3161 1070 3243 gustemus,
1095 3158 1173 3224 olfa-

167 3247 300 3329 ciamus,
327 3248 516 3328 tractemus,
544 3246 722 3330 audiamus,
753 3246 789 3309 in
816 3267 853 3310 ea
879 3245 964 3329 ipsa,
991 3246 1048 3310 ubi
1077 3246 1174 3312 senti·

79 3410 82 3419 Ι
167 3355 251 3415 mus,
278 3336 369 3416 parte
396 3337 572 3398 versentur.
621 3333 660 3397 In
683 3333 783 3415 oeulis
810 3334 876 3397 tale
897 3333 944 3397 nil
966 3333 1017 3417 fit3
1046 3335 1173 3398 animus

168 3420 297 3503 accipit,
325 3442 406 3505 quae
432 3420 585 3485 videmus.
633 3421 752 3485 Animo
784 3425 893 3485 autem
924 3420 1037 3485 multis
1070 3421 1174 3488 modis

166 3507 327 3592 variisque
346 3509 496 3573 delectari
516 3508 607 3594 licet,
626 3509 838 3573 etiamsinon
857 3508 1050 3574 adhibeatur
1067 3530 1176 3595 aspec-
