2446 3944
558 145 797 210 „400-

169 305 277 388 culos,
310 325 390 387 quos
424 302 571 368 celeriter
603 303 698 368 melis
730 303 875 367 moribus
911 300 1189 386 opinionibusque

169 392 338 476 depravati
357 393 403 456 sic
420 392 660 494 restinguimus,
682 395 897 475 utnusquam
914 393 1055 455 naturae
1077 390 1189 454 lumen

169 483 332 565 appareat
309 479 462 545 tSunt
489 481 574 545 enim
601 479 740 564 ingeniis
767 479 888 544 nostris
917 478 1043 543 semine
1072 479 1188 543 innata

167 571 334 652 virtutum,
359 591 440 654 quae
464 568 493 634 si
514 569 697 634 adolescere
720 567 833 633 liceret
818 567 937 651 t,ipsa
958 589 1021 632 nos
1045 567 1090 631 ad
1115 567 1187 631 bea·

167 661 235 721 tam
267 657 369 721 vitam
401 661 519 722 natura
550 657 746 741 perduceret.
723 618 894 720 tNimc
926 657 1049 737 autem,
1089 654 1186 720 simul

168 750 356 828 atquet
290 745 400 809 editi'
391 768 426 808 1n
449 746 553 810 lucem
578 749 611 809 et
633 743 776 828 suscepti
794 765 913 846 sumus,
936 744 971 808 in
994 743 1088 808 omni
1112 765 1185 808 con·

166 834 257 898 tinuo
286 833 448 917 pravitate
416 834 546 897 t‘et
536 857 571 899 in
595 856 722 898 summa
749 833 942 916 opinionum
968 832 1185 916 perversitate

165 944 342 1006 versamur,
365 926 402 986 ut
420 943 523 1004 paene
541 944 615 987 cum
633 923 718 986 lacte
736 919 873 986 nutricis
893 941 1036 985 errorem
1056 919 1184 985 suxisse

165 1010 340 1075 videamur.
393 1008 473 1074 Cum
505 1032 582 1075 vero
614 1010 804 1093 parentibus
836 1009 970 1091 redditi,
1007 1008 1085 1074 dein
1118 1030 1183 1072 ma·

165 1100 278 1184 gistris
302 1098 414 1162 traditi
437 1120 562 1183 sumus,
589 1102 659 1162 tum
681 1099 729 1162 ita
754 1097 855 1162 variis
878 1096 1044 1162 inbuimur
1069 1097 1183 1163 errori-

164 1187 234 1266 bus,
257 1190 294 1250 ut
311 1186 448 1252 vanitati
468 1187 588 1251 veritas
613 1190 646 1250 et
665 1186 810 1270 opinioni
833 1186 1045 1251 confirmatae
1064 1189 1184 1252 natura

129 1275 251 1393 3ipsc
259 1276 359 1339 cedat.
404 1273 571 1340 Accedunt
557 1275 690 1338 tetiam
708 1278 832 1358 poe'tae,
855 1275 911 1358 qui
934 1296 1005 1338 oum
1025 1295 1183 1360 magnam

129 1345 306 1446 3speciem
343 1362 443 1427 doct
402 1367 506 1427 trinae
547 1363 791 1447 sapientiaeque
831 1384 910 1445 prae
946 1384 980 1426 se
1021 1363 1182 1446 tulerunt,

168 1452 357 1535 audiuntur,
387 1451 554 1536 leguntur,
582 1452 728 1516 ediscunt
714 1456 767 1514 tur
790 1453 823 1515 et
845 1450 1076 1516 inhaerescunt
1098 1452 1184 1536 peni·

165 1541 258 1605 tus
248 1562 283 1604 1n
311 1539 489 1624 mentibus3
522 1562 595 1604 cum
626 1562 703 1605 vero
741 1540 852 1604 eodem
886 1539 979 1624 quasi
1010 1561 1182 1605 maxumus

164 1628 295 1713 quidem
314 1628 472 1712 magister
490 1629 629 1712 populus
648 1629 772 1694 occessit
794 1632 892 1711 utque
912 1626 1018 1692 omnis
1038 1628 1180 1713 undique

165 1717 205 1781 ad
231 1716 313 1780 vitia
340 1717 546 1781 consentiens
575 1716 765 1801 multitudo,
793 1719 864 1781 tum
891 1716 989 1798 plane
1017 1715 1180 1783 inficimur
1212 1784 1216 1790 ,

165 1804 353 1888 opinionum
376 1805 538 1887 pravitate
557 1828 576 1870 1
595 1810 774 1888 naturaque
793 1804 1011 1882 desciscimus,
1030 1809 1070 1870 ut
1086 1806 1179 1871 nobis

163 1895 283 1975 optime
302 1896 438 1957 naturae
456 1893 522 1956 vim
541 1893 661 1958 vidisse
679 1893 860 1976 videantur,
884 1893 941 1977 qui
962 1892 1047 1957 nihil
1066 1895 1180 1960 melius

162 1980 301 2063 homini,
333 1981 415 2044 nihil
447 1981 554 2066 magis
585 1982 813 2065 expetendum,
842 1981 925 2044 nihil
957 1985 1179 2064 praestantius

161 2068 350 2146 honoribus,
373 2068 527 2151 imperiis,
550 2070 701 2153 populari
726 2070 831 2153 gloria
852 2068 1088 2137 iudicaverunt.
1131 2069 1179 2136 Ad

163 2178 259 2241 quem
286 2157 389 2220 fertur
417 2161 569 2239 optumus
599 2159 735 2241 quisque
762 2180 937 2241 veramque
961 2158 1054 2222 illam
1082 2159 1178 2224 hone·

162 2248 282 2309 statem
301 2248 465 2328 expetens,
488 2267 585 2329 quam
604 2268 700 2310 unam
720 2252 841 2311 natura
860 2247 1000 2310 maxime
1025 2248 1176 2332 anquirit,

161 2333 196 2396 in
224 2355 350 2397 summa
379 2333 539 2398 inanitate
571 2340 719 2399 versatur
752 2339 1020 2418 consectaturque
1052 2335 1176 2400 nullam

161 2422 355 2486 eminentem
370 2421 512 2505 effigiem
526 2423 667 2506 virtutis,
687 2424 741 2487 sed
758 2423 984 2488 adumbratam
998 2423 1175 2508 imaginem

161 2511 292 2594 gloriae.
337 2509 400 2574 Est
423 2511 510 2574 enim
538 2511 642 2594 gloria
669 2512 773 2576 solida
803 2512 962 2595 quaedam
989 2533 1042 2576 res
1067 2517 1102 2577 et
1125 2535 1174 2578 ex·

159 2620 281 2681 pressa,
302 2620 369 2663 non
392 2599 597 2684 adumbrata,
621 2621 659 2664 ea
683 2603 733 2664 est
757 2600 960 2665 consentiens
979 2601 1052 2665 laus
1077 2602 1175 2666 bono-

160 2709 244 2769 rum,
272 2686 461 2771 incorrupta
489 2710 552 2752 vox
583 2689 666 2752 bene
694 2688 909 2753 iudicantium
936 2688 975 2753 de
1005 2689 1174 2755 excellenti

160 2777 288 2857 virtute,
307 2797 345 2839 ea
363 2775 477 2839 virtuti
494 2780 627 2840 resonat
645 2781 814 2861 tamquam
833 2777 951 2861 imago.
989 2776 1079 2853 Quae
1100 2781 1174 2863 quia

159 2869 246 2928 recte
273 2863 434 2927 factorum
461 2864 651 2949 plerumque
679 2887 786 2931 comes
815 2869 877 2949 est,
907 2887 973 2930 non
1001 2871 1053 2929 est
1079 2865 1173 2932 bonis

123 2951 236 3015 4vi1is
255 2951 461 3034 repudianda.
499 2952 562 3016 Illa
581 2957 698 3036 autem,
720 2975 801 3038 quae
821 2976 855 3018 se
875 2954 944 3018 eius
962 2953 1173 3021 imitatricem

158 3061 227 3104 esse
250 3040 330 3122 volt,
352 3039 525 3105 temeraria
544 3045 641 3126 atque
663 3042 904 3107 inconsiderata
926 3046 960 3108 et
981 3043 1173 3130 plerumque

157 3089 362 3210 peccatonim
398 3129 615 3230 vitiorumque
652 3131 828 3214 laudatrix,
870 3131 958 3195 fama
994 3132 1173 3216 populeris,

107 3277 109 3281 ,
158 3215 365 3281 simulatione
383 3216 536 3281 honestat
486 3217 564 3282 tetis
587 3218 773 3284 formam
746 3241 815 3284 e1us
834 3218 1173 3305 pulchritudinemque

158 3305 345 3388 corrumpit
400 3304 471 3381 Qua
502 3307 656 3372 caecitate
692 3308 857 3389 hommes,
899 3329 973 3372 cum
1015 3309 1173 3393 quaedem

157 3390 256 3453 etiam
279 3394 446 3474 praeclara
470 3400 624 3478 cuperent
646 3418 748 3480 eaque
770 3398 934 3462 nescirent
956 3417 1016 3461 nec
1039 3397 1097 3462 ubi
1115 3419 1173 3463 nec

61 3472 268 3679 'qualia
291 3486 411 3566 essent,
441 3482 547 3548 fundit
533 3489 586 3548 tus
615 3484 672 3549 alii
700 3487 886 3551 everterunt
913 3506 990 3550 sues
1015 3485 1173 3571 civitates,

95 3635 117 3680 ι

118 1241 174 1304 -·2
