2446 3944
441 175 812 271 -rca-'

54 362 156 429 habet
181 361 282 445 viam,
314 384 395 446 quae
428 362 556 427 deducit
583 362 623 427 ad
650 362 907 428 convenientiam
935 383 1059 427 conser-

54 449 283 535 vationemque
304 454 452 534 naturae3
477 473 573 534 quam
593 451 621 514 si
639 471 808 534 sequemur
827 450 948 534 ducem,
969 472 1060 514 num·

55 559 153 623 quam
176 538 398 603 aberrabimus
424 559 656 623 sequemurque
682 541 716 602 et
742 538 789 622 id,
817 538 902 622 quod
929 541 1059 603 acutum

33 625 39 631 ”
54 630 89 692 et
111 626 280 711 perspicax
302 629 419 691 natura
442 630 500 710 est,
524 629 557 690 et
574 626 616 710 id,
639 626 724 709 quod
743 626 784 691 ad
801 625 969 691 hominum
987 647 1060 691 con·

56 714 268 779 sociationem
299 714 588 798 accommodatum,
625 717 658 777 et
688 713 735 796 id,
771 714 856 797 quod
888 713 1059 779 vehemens

56 806 154 886 atque
180 801 275 866 forte.
325 799 387 866 Sed
419 824 570 867 maxuma
598 801 648 866 vis
681 801 787 865 decori
817 801 852 866 in
883 800 944 866 hac
975 802 1060 866 inest

55 894 158 976 parte,
177 889 215 953 de
234 911 298 972 qua
319 889 535 975 disputamus3
556 890 763 974 nequeenim
783 889 888 954 solum
907 889 1060 975 corporis,

56 977 113 1061 qui
140 977 181 1042 ad
207 981 359 1042 naturam
387 978 457 1063 apti
488 981 576 1061 sunt,
609 977 664 1041 sed
696 978 800 1042 multo
829 977 928 1042 etiam
954 978 1060 1063 magis

56 1065 157 1130 animi
179 1069 287 1129 motus
309 1065 480 1150 probandi,
510 1065 566 1149 qui
591 1065 671 1129 item
698 1065 739 1129 ad
765 1068 917 1129 naturam
940 1087 1061 1130 accom-

56 1152 181 1218 modati
208 1157 291 1217 sunt.
335 1152 463 1238 Duplex
491 1157 541 1216 est
564 1153 649 1217 enim
670 1153 721 1218 vis
745 1153 925 1218 animorum
950 1156 1111 1236 atque101

56 1244 187 1323 natura3
219 1262 284 1305 una
309 1263 386 1325 pars
417 1241 452 1305 in
484 1241 631 1325 appetitu
662 1241 770 1326 posita
802 1243 865 1324 est,
898 1262 979 1323 quae
1012 1243 1062 1304 est

56 1323 144 1413 ὁρμή
169 1327 298 1412 Graece,
322 1350 403 1411 quae
425 1328 590 1393 hominem
611 1329 675 1392 huc
693 1332 726 1392 ct
743 1329 821 1393 illuc
839 1328 935 1412 rapit,
958 1328 1062 1392 altera

56 1416 91 1480 in
118 1415 257 1498 ratione,
290 1438 371 1499 quac
399 1416 492 1481 docet
519 1419 552 1481 et
579 1416 744 1501 explanat,
776 1416 854 1499 quid
879 1415 1062 1480 faciendum

56 1503 308 1588 fugiendumque
332 1504 383 1568 sit.
428 1503 481 1568 Ita
502 1504 550 1588 fit,
572 1507 608 1568 ut
631 1504 717 1568 ratio
739 1503 875 1588 praesit,
899 1502 1062 1588 adpetitus

59 1591 270 1675 obtemperet.
316 1590 428 1656 Omnis
457 1595 565 1656 autem
593 1591 678 1656 actio
705 1612 820 1656 vacare
847 1590 943 1656 debet
965 1591 1113 1656 teme-29

57 1679 155 1743 ritate
179 1682 212 1742 et
233 1678 442 1763 neglegentia
463 1700 522 1742 nec
544 1700 621 1741 vero
646 1699 742 1761 agere
765 1679 949 1761 quicquam,
972 1678 1061 1743 cuius

56 1788 124 1831 non
140 1765 245 1851 possit
264 1787 394 1830 eausam
413 1764 617 1849 probabilem
639 1763 783 1847 reddere3
806 1765 886 1830 haec
909 1770 958 1829 est
977 1766 1062 1830 enim

56 1853 125 1918 fere
147 1853 315 1938 discriptio
339 1853 446 1918 officii.
482 1851 695 1918 Efficiendum
718 1855 826 1916 autem
850 1856 912 1937 est,
935 1857 972 1917 ut
996 1854 1048 1918 ad·
1064 1871 1113 1921 102

57 1941 180 2026 petitus
207 1941 328 2005 rationi
356 1940 529 2006 oboediant
556 1961 692 2022 eamque
716 1961 820 2024 neque
851 1947 1063 2026 praecurrant

57 2051 118 2093 nec
145 2033 277 2113 propter
304 2028 472 2113 pigritiam
496 2030 552 2092 aut
573 2028 739 2114 ignaviam
762 2027 912 2094 deserant
934 2029 1062 2114 sintque

58 2116 229 2200 tranquilli
252 2119 350 2200 atque
371 2117 460 2180 omni
478 2116 578 2180 animi
595 2116 840 2201 perturbatione
858 2121 1001 2200 careant3
1023 2139 1062 2182 ex

58 2226 123 2288 quo
156 2204 293 2268 elucebit
326 2204 430 2268 omnis
463 2204 645 2270 constantia
677 2204 844 2287 omnisque
873 2204 1062 2271 moderatio.

58 2291 145 2356 Nam
177 2292 233 2374 qui
265 2292 428 2377 appetitus
461 2292 591 2377 longius
623 2295 802 2377 evagantur
830 2296 863 2356 et
893 2296 1062 2377 tamquam

59 2381 242 2444 exultantes
270 2380 338 2444 sive
366 2379 521 2464 cupiendo
555 2379 621 2444 sive
653 2379 805 2465 fugiendo
838 2401 904 2444 non
936 2381 1016 2445 satis
1043 2403 1063 2446 a

58 2468 185 2532 ratione
199 2467 387 2552 retinentur,
405 2468 512 2532 iisine
527 2466 624 2531 dubio
642 2466 740 2531 finem
760 2471 792 2531 et
809 2467 940 2532 modum
958 2472 1064 2533 trans·
1104 2509 1106 2513 .

59 2559 152 2638 eunt3
183 2556 369 2638 relinquunt
397 2555 482 2619 enim
510 2557 542 2618 et
569 2553 712 2618 abiciunt
741 2555 977 2620 oboedientiam
1005 2579 1063 2622 nec

57 2643 179 2708 rationi
200 2647 329 2728 parent,
352 2643 404 2708 cui
427 2644 502 2706 sunt
526 2641 662 2706 subiecti
684 2642 757 2726 lege
779 2645 927 2727 naturae3
953 2666 972 2708 a
996 2645 1063 2728 qui·

58 2731 120 2796 bus
142 2752 209 2795 non
230 2731 325 2795 modo
345 2730 445 2795 animi
462 2728 704 2815 perturbantur,
727 2728 783 2792 sed
802 2729 900 2794 etiam
918 2753 1062 2816 corpora.

57 2817 149 2883 Licet
173 2839 230 2882 ora
251 2819 323 2902 ipsa
346 2839 474 2883 cernere
501 2817 659 2882 iratorum
687 2819 743 2880 aut
771 2837 896 2901 eorum,
923 2819 978 2901 qui
1006 2823 1062 2883 aut

58 2905 201 2970 lubidine
234 2906 343 2989 aliqua
375 2909 432 2970 aut
463 2907 552 2969 metu
579 2903 733 2970 commoti
758 2909 833 2968 sunt
865 2908 921 2969 aut
952 2905 1063 2989 volup-

57 2997 127 3058 tate
154 2993 254 3058 nimia
282 2993 440 3079 gestiunt3
473 3014 609 3076 quorum
637 2991 782 3056 omnium

57 3084 166 3146 motus
198 3086 368 3165 statusque
399 3084 575 3145 mutantur.
620 3079 670 3148 Ex
702 3079 788 3165 quib'

57 3169 194 3255 legitur,
224 3174 262 3234 ut
289 3170 330 3234 ad
358 3168 455 3234 officii
483 3169 623 3233 formam
654 3189 727 3234 reve
773 3246 776 3251 1

59 3279 170 3322 omnes
194 3258 430 3322 contrahendos
454 3256 672 3340 sedandosque
700 3276 752 3322 esa

58 3345 370 3410 animadversionem
398 3349 430 3409 et
458 3344 672 3430 diligentiam,
703 3346 760 3419 ut„

57 3455 96 3498 ac
113 3433 260 3518 fortuito,
277 3432 512 3498 inconsiderate
530 3454 572 3499 ne
594 3433 740 3521 legenter

57 3543 121 3606 que
144 3521 231 3586 enim
252 3522 300 3586 ita
323 3521 469 3607 generati
491 3453 745 3712 “N
