2446 3944
471 207 710 272 —363-

85 369 119 434 vi
147 369 243 432 fluere
278 367 496 431 abundantem
524 367 712 431 sonantibus
738 366 846 430 verbis
878 367 1093 451 uberibusque

87 456 265 521 sententiis.
310 453 522 538 Philosophia
545 474 633 532 vero,
662 453 806 519 omnium
833 458 938 518 mater
965 455 1093 539 artium,

87 544 165 627 quid
188 546 237 607 est
260 541 348 607 aliud
370 542 448 625 nisi,
470 544 507 606 ut
528 540 637 623 Plato,
663 540 796 624 donum,
823 544 860 606 ut
883 561 957 625 ego,
984 542 1093 606 inven-

87 634 158 694 tum
181 629 336 695 deorum?
380 629 470 693 Haeo
491 649 551 693 nos
580 629 722 712 primum
745 628 786 692 ad
808 629 939 693 illorum
961 631 1093 714 oultum,

87 717 201 781 deinde
230 718 270 781 ad
297 717 347 782 ius
375 717 555 800 hominum,
582 716 667 801 quod
697 716 796 781 situm
826 720 876 781 est
902 717 936 780 in
967 718 1093 801 generis

86 804 221 869 humani
250 805 418 886 societate,
444 806 515 868 tum
543 803 584 868 ad
606 804 798 868 modestiam
823 804 1093 889 magnitudinem·

87 913 148 976 que
172 892 272 955 animi
295 891 445 972 erudivit,
468 891 641 974 eademque
665 891 706 955 ab
729 891 836 956 animo
859 895 1028 975 tamquam
1052 893 1092 957 ab

87 980 187 1044 oeulis
220 979 391 1062 caliginem
427 978 579 1061 dispulit,
614 981 652 1042 ut
688 979 797 1043 omnia
828 1000 945 1062 supera
980 979 1093 1062 infera,

86 1067 193 1150 prima
214 1065 332 1130 ultima
353 1065 460 1129 media
482 1065 672 1130 videremus.
723 1064 858 1131 Prorsus
881 1066 961 1130 haee
984 1066 1093 1130 divina
1111 1078 1144 1128 65

86 1154 167 1218 mihi
186 1153 313 1218 videtur
330 1152 394 1234 vis,
417 1173 499 1236 quae
521 1155 573 1216 tot
590 1174 642 1217 res
660 1152 780 1216 efficiat
803 1157 835 1217 et
857 1157 973 1218 tantas.
1010 1152 1094 1229 Quid

86 1245 136 1306 est
163 1242 249 1305 enim
277 1240 435 1305 memoria
460 1261 569 1305 rerum
596 1243 629 1304 et
662 1240 856 1305 verborum?
887 1241 964 1325 quid
995 1263 1093 1325 porro

86 1328 251 1394 inventio?
300 1327 450 1393 Profeoto
477 1328 526 1412 id,
554 1349 617 1411 quo
643 1349 684 1392 ne
712 1328 748 1390 in
771 1328 829 1392 deo
859 1329 980 1410 quidem
1006 1329 1093 1412 quio·

87 1439 184 1501 quam
215 1416 320 1479 maius
352 1415 499 1498 intellegi
530 1417 647 1497 potest.
702 1414 778 1480 Non
810 1416 896 1480 enim
929 1415 1093 1481 ambrosia

87 1505 163 1567 deos
196 1506 254 1566 aut
284 1504 413 1566 nectare
446 1505 502 1567 aut
531 1501 701 1567 Iuventate
734 1503 850 1586 poeula
884 1503 1090 1568 ministrante

87 1590 204 1654 laetari
227 1590 381 1673 arbitror,
407 1610 466 1653 neo
483 1588 660 1654 Homerum
679 1590 789 1674 audio,
813 1590 868 1673 qui
886 1589 1092 1675 Ganymeden

88 1678 129 1741 ab
159 1676 207 1740 dis
236 1679 366 1760 raptum
397 1676 443 1740 ait
470 1681 604 1761 propter
632 1677 782 1759 formam,
815 1679 851 1741 ut
878 1677 949 1742 Iovi
980 1679 1091 1743 bibere

87 1764 301 1846 ministraret,
329 1786 396 1828 non
422 1763 508 1828 iusta
535 1786 645 1848 oausa,
677 1787 734 1829 our
760 1764 971 1830 Laomedonti
997 1769 1092 1830 tanta

87 1852 179 1915 fieret
199 1851 326 1916 iniuria.
363 1851 524 1936 Fingebat
545 1852 626 1916 haee
646 1851 807 1917 Homerus
831 1857 864 1917 et
886 1852 1027 1918 humana
1051 1853 1092 1918 ad

88 1940 163 2004 deos
182 1938 409 2023 transferebat3
433 1938 544 2003 divina
562 1939 692 2003 mallem
711 1940 751 2004 ad
769 1960 839 2004 noa.
875 1938 962 2015 Quae
982 1945 1091 2006 autom

88 2027 217 2091 divina?
266 2026 398 2110 Vigere,
426 2048 551 2110 sapere,
578 2028 734 2111 invenire,
763 2027 958 2092 meminisse.
1001 2028 1091 2113 Ergo

89 2115 228 2197 animus,
250 2117 287 2178 ut
309 2133 368 2197 ego
392 2113 477 2195 dieo,
500 2113 627 2179 divinus
651 2119 713 2198 est,
735 2118 773 2178 ut
792 2114 964 2199 Euripides
987 2116 1092 2180 dicere

88 2202 197 2283 audet,
224 2201 314 2284 deus,
342 2201 537 2284 etquidem,
566 2202 594 2265 si
617 2201 695 2266 deus
718 2205 774 2266 aut
797 2203 904 2267 anima
927 2206 983 2267 aut
1005 2204 1091 2287 ignis

88 2294 150 2372 est,
177 2288 261 2352 idem
288 2291 338 2352 est
365 2290 492 2352 animus
520 2289 667 2354 hominis.
716 2288 803 2353 Nam
829 2293 866 2353 ut
896 2290 954 2354 illa
975 2294 1094 2356 natura

89 2377 236 2441 caelestis
256 2379 289 2440 et
310 2380 397 2440 terra
415 2378 509 2440 vacat
526 2380 559 2440 et
577 2398 701 2459 umore,
726 2377 772 2441 sio
790 2378 954 2460 utriusque
976 2377 1092 2443 harum

88 2485 195 2527 rerum
221 2463 380 2527 humanus
413 2464 538 2559 animus
571 2467 620 2528 est
647 2486 770 2547 expers.
823 2461 881 2527 Sin
909 2468 1017 2529 autem
1045 2469 1094 2530 est

89 2551 201 2634 quinta
219 2551 375 2634 quaedam
393 2555 518 2633 natura,
540 2551 581 2614 ab
600 2549 776 2615 Aristotele
794 2549 926 2616 inducta
944 2553 1093 2635 primum,

88 2637 168 2703 haeo
200 2642 233 2703 et
264 2639 396 2703 deorum
428 2641 478 2702 est
509 2640 542 2702 et
572 2639 762 2702 animorum.
810 2637 904 2701 Hane
931 2660 991 2703 nos
1023 2660 1093 2702 sen-

88 2726 225 2790 tentiam
254 2727 355 2790 secuti
381 2725 432 2789 his
455 2724 534 2808 ipsis
557 2725 663 2790 verbis
692 2726 727 2790 in
750 2723 980 2790 Consolatione
1006 2726 1091 2807 [hoo]

90 2814 317 2897 expressimus:

157 2899 358 2966 ‘Animorum
386 2901 475 2963 nulla
502 2900 536 2964 in
562 2901 658 2965 terris
686 2901 778 2986 origo
810 2901 947 2965 inveniri
976 2863 1146 2990 P⁰l0⁵l26t

89 2986 180 3051 Nihil
208 2989 294 3053 enim
321 2991 370 3052 est
395 2988 431 3051 in
459 2988 574 3052 animis
605 2989 743 3054 mixtum
776 2991 871 3072 atque
901 2992 1093 3072 concretum,

90 3077 147 3139 aut·
170 3076 255 3159 quod
278 3097 317 3140 ex
339 3079 427 3139 terra
449 3079 562 3141 natum
585 3079 681 3160 atque
711 3078 822 3141 fiotum
846 3096 915 3141 esse
938 3075 1094 3159 videatur,

88 3162 173 3226 nihil
194 3185 235 3228 ne
258 3166 314 3227 aut
336 3163 479 3227 umidum
507 3164 633 3247 quidem
657 3166 713 3229 aut
739 3163 847 3229 flabile
874 3163 963 3231 ant'

89 3249 151 3314 His
176 3252 261 3315 enim
283 3252 318 3314 in
339 3251 463 3315 naturis
486 3251 569 3315 nihil
592 3252 691 3334 inest,
714 3250 800 3335 quod
821 3250 902 3317 vim-

90 3339 222 3421 mentis,
246 3337 452 3421 cogitationis
474 3338 607 3423 habeat,
630 3339 714 3423 quod
735 3342 768 3403 et
789 3359 829 3423 pr

90 3429 123 3489 et
154 3426 265 3490 futura
294 3425 464 3508 provideat
497 3429 530 3490 et
560 3425 731 3510 complecti
763 3426 890 3511 possit..
988 3463 992 3483 ι

90 3534 172 3596 quae
196 3513 267 3577 sola
289 3513 398 3577 divina
421 3516 508 3599 sunt,
534 3534 594 3578 nee
615 3513 796 3581 invenietur
825 3590 833 3603 „

801 3608 822 3645 p
835 3616 845 3629 .
