<?xml version="1.0" encoding="UTF-8"?>
<!DOCTYPE html PUBLIC "-//W3C//DTD XHTML 1.0 Transitional//EN"
    "http://www.w3.org/TR/xhtml1/DTD/xhtml1-transitional.dtd">
<html xmlns="http://www.w3.org/1999/xhtml" xml:lang="en" lang="en">
 <head>
  <title>
</title>
<meta http-equiv="Content-Type" content="text/html;charset=utf-8" />
  <meta name='ocr-system' content='tesseract 3.04.00' />
  <meta name='ocr-capabilities' content='ocr_page ocr_carea ocr_par ocr_line ocrx_word'/>
</head>
<body>
  <div class='ocr_page' id='page_1' title='image "./cicerosphilosop00cicegoog_0374.png"; bbox 0 0 2446 3944; ppageno 0'>
   <div class='ocr_carea' id='block_1_1' title="bbox 539 167 779 234">
    <p class='ocr_par' dir='ltr' id='par_1_1' title="bbox 539 167 779 234">
     <span class='ocr_line' id='line_1_1' title="bbox 539 167 779 234; baseline 0 0"><span class='ocrx_word' id='word_1_1' title='bbox 539 167 779 234; x_wconf 85' lang='lat'>-358—</span> 
     </span>
    </p>
   </div>
   <div class='ocr_carea' id='block_1_2' title="bbox 149 321 1170 680">
    <p class='ocr_par' dir='ltr' id='par_1_2' title="bbox 149 321 1170 680">
     <span class='ocr_line' id='line_1_2' title="bbox 149 321 1170 411; baseline -0.003 -14"><span class='ocrx_word' id='word_1_2' title='bbox 149 321 223 397; x_wconf 79' lang='lat' dir='ltr'><strong>tto</strong></span> <span class='ocrx_word' id='word_1_3' title='bbox 253 328 402 411; x_wconf 71' lang='lat' dir='ltr'><strong>tenoqtet</strong></span> <span class='ocrx_word' id='word_1_4' title='bbox 434 329 515 411; x_wconf 73' lang='lat' dir='ltr'><strong>laten</strong></span> <span class='ocrx_word' id='word_1_5' title='bbox 547 329 658 395; x_wconf 71' lang='lat' dir='ltr'><strong>noter.</strong></span> <span class='ocrx_word' id='word_1_6' title='bbox 709 327 818 408; x_wconf 59' lang='lat' dir='ltr'><strong>&amp;tecla</strong></span> <span class='ocrx_word' id='word_1_7' title='bbox 851 330 952 393; x_wconf 80' lang='lat' dir='ltr'><strong>[auten</strong></span> <span class='ocrx_word' id='word_1_8' title='bbox 983 328 1027 393; x_wconf 79' lang='lat' dir='ltr'><strong>hie</strong></span> <span class='ocrx_word' id='word_1_9' title='bbox 1054 328 1170 394; x_wconf 72' lang='lat' dir='ltr'><strong>llataile</strong></span> 
     </span>
     <span class='ocr_line' id='line_1_3' title="bbox 149 416 1168 501; baseline -0.001 -17"><span class='ocrx_word' id='word_1_10' title='bbox 149 419 255 501; x_wconf 72' lang='lat' dir='ltr'><strong>gachet</strong></span> <span class='ocrx_word' id='word_1_11' title='bbox 278 420 409 486; x_wconf 72' lang='lat' dir='ltr'><strong>littorea</strong></span> <span class='ocrx_word' id='word_1_12' title='bbox 431 420 501 484; x_wconf 79' lang='lat' dir='ltr'><strong>ther</strong></span> <span class='ocrx_word' id='word_1_13' title='bbox 524 421 576 484; x_wconf 81' lang='lat' dir='ltr'><strong>tec</strong></span> <span class='ocrx_word' id='word_1_14' title='bbox 595 418 668 484; x_wconf 55' lang='lat' dir='ltr'><strong>tob.</strong></span> <span class='ocrx_word' id='word_1_15' title='bbox 705 418 771 482; x_wconf 75' lang='lat' dir='ltr'><strong>Uet</strong></span> <span class='ocrx_word' id='word_1_16' title='bbox 794 418 893 482; x_wconf 79' lang='lat' dir='ltr'><strong>multet</strong></span> <span class='ocrx_word' id='word_1_17' title='bbox 915 416 988 497; x_wconf 70' lang='lat' dir='ltr'><strong>nicht</strong></span> <span class='ocrx_word' id='word_1_18' title='bbox 1006 416 1068 482; x_wconf 83' lang='lat' dir='ltr'><strong>eine</strong></span> <span class='ocrx_word' id='word_1_19' title='bbox 1087 417 1168 483; x_wconf 66' lang='lat' dir='ltr'><strong>lter:</strong></span> 
     </span>
     <span class='ocr_line' id='line_1_4' title="bbox 150 495 1169 591; baseline 0 -19"><span class='ocrx_word' id='word_1_20' title='bbox 150 509 254 591; x_wconf 71' lang='lat' dir='ltr'><strong>[chana</strong></span> <span class='ocrx_word' id='word_1_21' title='bbox 281 508 353 573; x_wconf 75' lang='lat' dir='ltr'><strong>aba</strong></span> <span class='ocrx_word' id='word_1_22' title='bbox 380 510 458 573; x_wconf 70' lang='lat' dir='ltr'><strong>aaa?</strong></span> <span class='ocrx_word' id='word_1_23' title='bbox 503 507 588 589; x_wconf 68' lang='lat' dir='ltr'><strong>aiat</strong></span> <span class='ocrx_word' id='word_1_24' title='bbox 614 507 662 571; x_wconf 70' lang='lat' dir='ltr'><strong>ola</strong></span> <span class='ocrx_word' id='word_1_25' title='bbox 691 505 738 572; x_wconf 83' lang='lat' dir='ltr'><strong>eiu</strong></span> <span class='ocrx_word' id='word_1_26' title='bbox 765 495 851 583; x_wconf 73' lang='lat' dir='ltr'><strong>tter,</strong></span> <span class='ocrx_word' id='word_1_27' title='bbox 885 505 932 570; x_wconf 71' lang='lat' dir='ltr'><strong>ala</strong></span> <span class='ocrx_word' id='word_1_28' title='bbox 960 506 1042 571; x_wconf 82' lang='lat' dir='ltr'><strong>circu</strong></span> <span class='ocrx_word' id='word_1_29' title='bbox 1069 507 1169 587; x_wconf 64' lang='lat' dir='ltr'><strong>palen</strong></span> 
     </span>
     <span class='ocr_line' id='line_1_5' title="bbox 149 590 1167 680; baseline -0.003 -18"><span class='ocrx_word' id='word_1_30' title='bbox 149 598 209 663; x_wconf 80' lang='lat' dir='ltr'><strong>aot</strong></span> <span class='ocrx_word' id='word_1_31' title='bbox 223 596 419 678; x_wconf 66' lang='lat' dir='ltr'><strong>ssussucttacrt</strong></span> <span class='ocrx_word' id='word_1_32' title='bbox 439 596 489 676; x_wconf 74' lang='lat' dir='ltr'><strong>loll</strong></span> <span class='ocrx_word' id='word_1_33' title='bbox 507 614 576 662; x_wconf 80' lang='lat' dir='ltr'><strong>maa</strong></span> <span class='ocrx_word' id='word_1_34' title='bbox 594 595 648 660; x_wconf 81' lang='lat' dir='ltr'><strong>bec</strong></span> <span class='ocrx_word' id='word_1_35' title='bbox 661 596 726 660; x_wconf 58' lang='lat' dir='ltr'><strong>hot</strong></span> <span class='ocrx_word' id='word_1_36' title='bbox 745 593 902 674; x_wconf 70' lang='lat' dir='ltr'><strong>benachtet</strong></span> <span class='ocrx_word' id='word_1_37' title='bbox 917 590 952 679; x_wconf 62' lang='grc' dir='ltr'><strong>(ἓ</strong></span> <span class='ocrx_word' id='word_1_38' title='bbox 965 592 1167 680; x_wconf 77' lang='lat'>112-119).</span> 
     </span>
    </p>
   </div>
   <div class='ocr_carea' id='block_1_3' title="bbox 1176 737 1218 801">
    <p class='ocr_par' dir='ltr' id='par_1_3' title="bbox 1176 737 1218 801">
     <span class='ocr_line' id='line_1_6' title="bbox 1176 737 1218 801; baseline -0.024 0"><span class='ocrx_word' id='word_1_39' title='bbox 1176 737 1218 801; x_wconf 82' lang='lat'><strong>22</strong></span> 
     </span>
    </p>
   </div>
   <div class='ocr_carea' id='block_1_4' title="bbox 216 769 1218 890">
    <p class='ocr_par' dir='ltr' id='par_1_4' title="bbox 216 769 1218 890">
     <span class='ocr_line' id='line_1_7' title="bbox 216 769 1218 890; baseline -0.002 -54"><span class='ocrx_word' id='word_1_40' title='bbox 216 769 280 836; x_wconf 83' lang='lat' dir='ltr'><strong>Sed</strong></span> <span class='ocrx_word' id='word_1_41' title='bbox 297 770 429 856; x_wconf 87' lang='lat' dir='ltr'>plurimi</span> <span class='ocrx_word' id='word_1_42' title='bbox 448 773 561 835; x_wconf 89' lang='lat' dir='ltr'><strong>contra</strong></span> <span class='ocrx_word' id='word_1_43' title='bbox 579 771 728 835; x_wconf 90' lang='lat' dir='ltr'><strong>nituntur</strong></span> <span class='ocrx_word' id='word_1_44' title='bbox 742 770 931 852; x_wconf 88' lang='lat' dir='ltr'><strong>animosque</strong></span> <span class='ocrx_word' id='word_1_45' title='bbox 947 771 1040 854; x_wconf 81' lang='lat' dir='ltr'><strong>quasi</strong></span> <span class='ocrx_word' id='word_1_46' title='bbox 1056 771 1166 854; x_wconf 88' lang='lat' dir='ltr'><strong>capite</strong></span> <span class='ocrx_word' id='word_1_47' title='bbox 1185 840 1218 890; x_wconf 80' lang='lat'><strong>50</strong></span> 
     </span>
    </p>
   </div>
   <div class='ocr_carea' id='block_1_5' title="bbox 57 858 1218 3513">
    <p class='ocr_par' dir='ltr' id='par_1_5' title="bbox 57 858 1218 3513">
     <span class='ocr_line' id='line_1_8' title="bbox 150 858 1166 944; baseline -0.002 -20"><span class='ocrx_word' id='word_1_48' title='bbox 150 860 320 925; x_wconf 86' lang='lat' dir='ltr'><strong>damnatos</strong></span> <span class='ocrx_word' id='word_1_49' title='bbox 343 863 448 923; x_wconf 88' lang='lat' dir='ltr'><strong>morte</strong></span> <span class='ocrx_word' id='word_1_50' title='bbox 472 860 627 943; x_wconf 89' lang='lat' dir='ltr'><strong>multant,</strong></span> <span class='ocrx_word' id='word_1_51' title='bbox 654 880 758 944; x_wconf 90' lang='lat' dir='ltr'><strong>neque</strong></span> <span class='ocrx_word' id='word_1_52' title='bbox 786 858 874 923; x_wconf 91' lang='lat' dir='ltr'><strong>aliud</strong></span> <span class='ocrx_word' id='word_1_53' title='bbox 903 862 952 922; x_wconf 87' lang='lat' dir='ltr'><strong>est</strong></span> <span class='ocrx_word' id='word_1_54' title='bbox 980 858 1166 943; x_wconf 90' lang='lat' dir='ltr'><strong>quicquam,</strong></span> 
     </span>
     <span class='ocr_line' id='line_1_9' title="bbox 150 947 1167 1030; baseline -0.001 -17"><span class='ocrx_word' id='word_1_55' title='bbox 150 970 206 1014; x_wconf 89' lang='lat' dir='ltr'><strong>cur</strong></span> <span class='ocrx_word' id='word_1_56' title='bbox 228 949 426 1013; x_wconf 90' lang='lat' dir='ltr'><strong>incredibilis</strong></span> <span class='ocrx_word' id='word_1_57' title='bbox 449 947 490 1012; x_wconf 87' lang='lat' dir='ltr'><strong>iis</strong></span> <span class='ocrx_word' id='word_1_58' title='bbox 514 949 695 1012; x_wconf 89' lang='lat' dir='ltr'><strong>animorum</strong></span> <span class='ocrx_word' id='word_1_59' title='bbox 719 947 868 1012; x_wconf 88' lang='lat' dir='ltr'><strong>videatur</strong></span> <span class='ocrx_word' id='word_1_60' title='bbox 891 948 1076 1030; x_wconf 80' lang='lat' dir='ltr'><strong>aeternitas,</strong></span> <span class='ocrx_word' id='word_1_61' title='bbox 1100 948 1167 1012; x_wconf 89' lang='lat' dir='ltr'><strong>nisi</strong></span> 
     </span>
     <span class='ocr_line' id='line_1_10' title="bbox 149 1036 1167 1122; baseline -0.002 -21"><span class='ocrx_word' id='word_1_62' title='bbox 149 1036 236 1122; x_wconf 90' lang='lat' dir='ltr'><strong>quod</strong></span> <span class='ocrx_word' id='word_1_63' title='bbox 258 1039 435 1121; x_wconf 90' lang='lat' dir='ltr'><strong>nequeunt,</strong></span> <span class='ocrx_word' id='word_1_64' title='bbox 459 1037 565 1120; x_wconf 87' lang='lat' dir='ltr'><strong>qualis</strong></span> <span class='ocrx_word' id='word_1_65' title='bbox 589 1037 716 1100; x_wconf 86' lang='lat' dir='ltr'><strong>animus</strong></span> <span class='ocrx_word' id='word_1_66' title='bbox 740 1036 782 1099; x_wconf 88' lang='lat' dir='ltr'><strong>sit</strong></span> <span class='ocrx_word' id='word_1_67' title='bbox 806 1057 923 1100; x_wconf 87' lang='lat' dir='ltr'><strong>vacans</strong></span> <span class='ocrx_word' id='word_1_68' title='bbox 947 1056 1097 1119; x_wconf 91' lang='lat' dir='ltr'><strong>corpore,</strong></span> <span class='ocrx_word' id='word_1_69' title='bbox 1119 1037 1167 1099; x_wconf 94' lang='lat' dir='ltr'><strong>in-</strong></span> 
     </span>
     <span class='ocr_line' id='line_1_11' title="bbox 150 1123 1166 1209; baseline 0 -20"><span class='ocrx_word' id='word_1_70' title='bbox 150 1127 303 1209; x_wconf 88' lang='lat' dir='ltr'><strong>tellegere</strong></span> <span class='ocrx_word' id='word_1_71' title='bbox 337 1129 369 1189; x_wconf 92' lang='lat' dir='ltr'><strong>et</strong></span> <span class='ocrx_word' id='word_1_72' title='bbox 401 1125 600 1209; x_wconf 79' lang='lat' dir='ltr'><strong>cogitatione</strong></span> <span class='ocrx_word' id='word_1_73' title='bbox 630 1124 911 1209; x_wconf 79' lang='lat' dir='ltr'><strong>comprehendere.</strong></span> <span class='ocrx_word' id='word_1_74' title='bbox 956 1123 1056 1200; x_wconf 76' lang='lat' dir='ltr'><strong>Quasi</strong></span> <span class='ocrx_word' id='word_1_75' title='bbox 1087 1146 1166 1189; x_wconf 82' lang='lat' dir='ltr'><strong>uero</strong></span> 
     </span>
     <span class='ocr_line' id='line_1_12' title="bbox 147 1212 1167 1299; baseline -0.001 -21"><span class='ocrx_word' id='word_1_76' title='bbox 147 1214 357 1299; x_wconf 81' lang='lat' dir='ltr'><strong>intellegant,</strong></span> <span class='ocrx_word' id='word_1_77' title='bbox 386 1213 492 1297; x_wconf 91' lang='lat' dir='ltr'><strong>qualis</strong></span> <span class='ocrx_word' id='word_1_78' title='bbox 521 1213 564 1276; x_wconf 88' lang='lat' dir='ltr'><strong>sit</strong></span> <span class='ocrx_word' id='word_1_79' title='bbox 590 1213 624 1277; x_wconf 95' lang='lat' dir='ltr'><strong>in</strong></span> <span class='ocrx_word' id='word_1_80' title='bbox 651 1212 723 1297; x_wconf 87' lang='lat' dir='ltr'><strong>ipso</strong></span> <span class='ocrx_word' id='word_1_81' title='bbox 753 1233 899 1296; x_wconf 90' lang='lat' dir='ltr'><strong>corpore,</strong></span> <span class='ocrx_word' id='word_1_82' title='bbox 927 1233 1010 1297; x_wconf 92' lang='lat' dir='ltr'><strong>quae</strong></span> <span class='ocrx_word' id='word_1_83' title='bbox 1038 1212 1167 1277; x_wconf 82' lang='lat' dir='ltr'><strong>confor-</strong></span> 
     </span>
     <span class='ocr_line' id='line_1_13' title="bbox 149 1301 1167 1387; baseline -0.001 -21"><span class='ocrx_word' id='word_1_84' title='bbox 149 1303 261 1387; x_wconf 90' lang='lat' dir='ltr'><strong>matio,</strong></span> <span class='ocrx_word' id='word_1_85' title='bbox 285 1323 367 1386; x_wconf 88' lang='lat' dir='ltr'><strong>quae</strong></span> <span class='ocrx_word' id='word_1_86' title='bbox 385 1301 586 1387; x_wconf 84' lang='lat' dir='ltr'><strong>magnitudo,</strong></span> <span class='ocrx_word' id='word_1_87' title='bbox 609 1301 665 1385; x_wconf 92' lang='lat' dir='ltr'><strong>qui</strong></span> <span class='ocrx_word' id='word_1_88' title='bbox 683 1302 782 1384; x_wconf 86' lang='lat' dir='ltr'><strong>locus,</strong></span> <span class='ocrx_word' id='word_1_89' title='bbox 806 1305 870 1384; x_wconf 87' lang='lat' dir='ltr'><strong>aut,</strong></span> <span class='ocrx_word' id='word_1_90' title='bbox 895 1301 922 1365; x_wconf 90' lang='lat' dir='ltr'><strong>si</strong></span> <span class='ocrx_word' id='word_1_91' title='bbox 945 1301 1010 1366; x_wconf 86' lang='lat' dir='ltr'><strong>iam</strong></span> <span class='ocrx_word' id='word_1_92' title='bbox 1029 1306 1167 1384; x_wconf 79' lang='lat' dir='ltr'><strong>possent</strong></span> 
     </span>
     <span class='ocr_line' id='line_1_14' title="bbox 147 1390 1167 1473; baseline -0.002 -18"><span class='ocrx_word' id='word_1_93' title='bbox 147 1390 182 1455; x_wconf 91' lang='lat' dir='ltr'><strong>in</strong></span> <span class='ocrx_word' id='word_1_94' title='bbox 212 1391 344 1455; x_wconf 88' lang='lat' dir='ltr'><strong>homine</strong></span> <span class='ocrx_word' id='word_1_95' title='bbox 372 1390 446 1455; x_wconf 86' lang='lat' dir='ltr'><strong>vivo</strong></span> <span class='ocrx_word' id='word_1_96' title='bbox 475 1391 562 1455; x_wconf 91' lang='lat' dir='ltr'><strong>cerni</strong></span> <span class='ocrx_word' id='word_1_97' title='bbox 589 1391 711 1472; x_wconf 92' lang='lat' dir='ltr'><strong>omnia,</strong></span> <span class='ocrx_word' id='word_1_98' title='bbox 740 1410 822 1473; x_wconf 92' lang='lat' dir='ltr'><strong>quae</strong></span> <span class='ocrx_word' id='word_1_99' title='bbox 851 1411 937 1454; x_wconf 91' lang='lat' dir='ltr'><strong>nuno</strong></span> <span class='ocrx_word' id='word_1_100' title='bbox 964 1392 1053 1454; x_wconf 85' lang='lat' dir='ltr'><strong>tecta</strong></span> <span class='ocrx_word' id='word_1_101' title='bbox 1080 1394 1167 1472; x_wconf 85' lang='lat' dir='ltr'><strong>sunt,</strong></span> 
     </span>
     <span class='ocr_line' id='line_1_15' title="bbox 148 1477 1167 1562; baseline -0.001 -19"><span class='ocrx_word' id='word_1_102' title='bbox 148 1501 323 1544; x_wconf 83' lang='lat' dir='ltr'><strong>casurusne</strong></span> <span class='ocrx_word' id='word_1_103' title='bbox 354 1479 389 1543; x_wconf 91' lang='lat' dir='ltr'><strong>in</strong></span> <span class='ocrx_word' id='word_1_104' title='bbox 417 1481 626 1562; x_wconf 86' lang='lat' dir='ltr'><strong>conspectum</strong></span> <span class='ocrx_word' id='word_1_105' title='bbox 654 1478 805 1543; x_wconf 83' lang='lat' dir='ltr'><strong>uideatur</strong></span> <span class='ocrx_word' id='word_1_106' title='bbox 833 1477 973 1561; x_wconf 89' lang='lat' dir='ltr'><strong>animus,</strong></span> <span class='ocrx_word' id='word_1_107' title='bbox 1002 1499 1043 1542; x_wconf 92' lang='lat' dir='ltr'><strong>an</strong></span> <span class='ocrx_word' id='word_1_108' title='bbox 1070 1482 1167 1543; x_wconf 91' lang='lat' dir='ltr'><strong>tanta</strong></span> 
     </span>
     <span class='ocr_line' id='line_1_16' title="bbox 57 1565 1214 1652; baseline -0.003 -20"><span class='ocrx_word' id='word_1_109' title='bbox 57 1582 73 1605; x_wconf 66' lang='lat'>⁸</span> <span class='ocrx_word' id='word_1_110' title='bbox 149 1567 193 1632; x_wconf 88' lang='lat' dir='ltr'><strong>sit</strong></span> <span class='ocrx_word' id='word_1_111' title='bbox 225 1568 294 1633; x_wconf 90' lang='lat' dir='ltr'><strong>eius</strong></span> <span class='ocrx_word' id='word_1_112' title='bbox 325 1569 484 1651; x_wconf 85' lang='lat' dir='ltr'><strong>tenuitas,</strong></span> <span class='ocrx_word' id='word_1_113' title='bbox 517 1572 555 1632; x_wconf 94' lang='lat' dir='ltr'><strong>ut</strong></span> <span class='ocrx_word' id='word_1_114' title='bbox 585 1567 692 1652; x_wconf 85' lang='lat' dir='ltr'><strong>fugiat</strong></span> <span class='ocrx_word' id='word_1_115' title='bbox 724 1567 837 1632; x_wconf 87' lang='lat' dir='ltr'><strong>aciem!</strong></span> <span class='ocrx_word' id='word_1_116' title='bbox 892 1565 982 1631; x_wconf 88' lang='lat' dir='ltr'><strong>Haec</strong></span> <span class='ocrx_word' id='word_1_117' title='bbox 1014 1570 1167 1649; x_wconf 91' lang='lat' dir='ltr'><strong>reputent</strong></span> <span class='ocrx_word' id='word_1_118' title='bbox 1185 1582 1214 1630; x_wconf 82' lang='lat'><strong>51</strong></span> 
     </span>
     <span class='ocr_line' id='line_1_17' title="bbox 148 1655 1165 1741; baseline -0.001 -21"><span class='ocrx_word' id='word_1_119' title='bbox 148 1657 219 1740; x_wconf 89' lang='lat' dir='ltr'><strong>isti,</strong></span> <span class='ocrx_word' id='word_1_120' title='bbox 252 1657 308 1741; x_wconf 92' lang='lat' dir='ltr'><strong>qui</strong></span> <span class='ocrx_word' id='word_1_121' title='bbox 334 1660 458 1741; x_wconf 90' lang='lat' dir='ltr'><strong>negant</strong></span> <span class='ocrx_word' id='word_1_122' title='bbox 485 1656 629 1720; x_wconf 89' lang='lat' dir='ltr'><strong>animum</strong></span> <span class='ocrx_word' id='word_1_123' title='bbox 658 1655 727 1720; x_wconf 92' lang='lat' dir='ltr'><strong>sine</strong></span> <span class='ocrx_word' id='word_1_124' title='bbox 756 1676 947 1739; x_wconf 83' lang='lat' dir='ltr'><strong>corporeae</strong></span> <span class='ocrx_word' id='word_1_125' title='bbox 974 1655 1165 1739; x_wconf 87' lang='lat' dir='ltr'><strong>intellegere</strong></span> 
     </span>
     <span class='ocr_line' id='line_1_18' title="bbox 148 1743 1165 1829; baseline -0.001 -20"><span class='ocrx_word' id='word_1_126' title='bbox 148 1765 258 1829; x_wconf 83' lang='lat' dir='ltr'><strong>posse;</strong></span> <span class='ocrx_word' id='word_1_127' title='bbox 292 1744 462 1827; x_wconf 89' lang='lat' dir='ltr'><strong>videbunt,</strong></span> <span class='ocrx_word' id='word_1_128' title='bbox 494 1765 589 1828; x_wconf 91' lang='lat' dir='ltr'><strong>quem</strong></span> <span class='ocrx_word' id='word_1_129' title='bbox 621 1743 657 1807; x_wconf 92' lang='lat' dir='ltr'><strong>in</strong></span> <span class='ocrx_word' id='word_1_130' title='bbox 688 1744 759 1826; x_wconf 90' lang='lat' dir='ltr'><strong>ipso</strong></span> <span class='ocrx_word' id='word_1_131' title='bbox 797 1764 930 1828; x_wconf 90' lang='lat' dir='ltr'><strong>corpore</strong></span> <span class='ocrx_word' id='word_1_132' title='bbox 962 1743 1165 1826; x_wconf 86' lang='lat' dir='ltr'><strong>intellegant.</strong></span> 
     </span>
     <span class='ocr_line' id='line_1_19' title="bbox 148 1830 1167 1915; baseline 0.001 -20"><span class='ocrx_word' id='word_1_133' title='bbox 148 1831 230 1896; x_wconf 90' lang='lat' dir='ltr'><strong>Mihi</strong></span> <span class='ocrx_word' id='word_1_134' title='bbox 255 1831 384 1915; x_wconf 90' lang='lat' dir='ltr'><strong>quidem</strong></span> <span class='ocrx_word' id='word_1_135' title='bbox 407 1835 558 1896; x_wconf 88' lang='lat' dir='ltr'><strong>naturam</strong></span> <span class='ocrx_word' id='word_1_136' title='bbox 582 1830 683 1896; x_wconf 90' lang='lat' dir='ltr'><strong>animi</strong></span> <span class='ocrx_word' id='word_1_137' title='bbox 705 1832 844 1896; x_wconf 90' lang='lat' dir='ltr'><strong>intuenti</strong></span> <span class='ocrx_word' id='word_1_138' title='bbox 871 1832 974 1897; x_wconf 92' lang='lat' dir='ltr'><strong>multo</strong></span> <span class='ocrx_word' id='word_1_139' title='bbox 1004 1831 1167 1896; x_wconf 82' lang='lat' dir='ltr'><strong>difficilior</strong></span> 
     </span>
     <span class='ocr_line' id='line_1_20' title="bbox 149 1919 1167 2005; baseline 0.001 -22"><span class='ocrx_word' id='word_1_140' title='bbox 149 1920 290 1984; x_wconf 83' lang='lat' dir='ltr'><strong>occurrit</strong></span> <span class='ocrx_word' id='word_1_141' title='bbox 313 1920 483 2005; x_wconf 83' lang='lat' dir='ltr'><strong>cogitatio,</strong></span> <span class='ocrx_word' id='word_1_142' title='bbox 509 1920 614 1984; x_wconf 91' lang='lat' dir='ltr'><strong>multo</strong></span> <span class='ocrx_word' id='word_1_143' title='bbox 643 1919 824 2002; x_wconf 86' lang='lat' dir='ltr'><strong>obscurior,</strong></span> <span class='ocrx_word' id='word_1_144' title='bbox 852 1921 956 2002; x_wconf 86' lang='lat' dir='ltr'><strong>qualis</strong></span> <span class='ocrx_word' id='word_1_145' title='bbox 981 1921 1107 1985; x_wconf 89' lang='lat' dir='ltr'><strong>animus</strong></span> <span class='ocrx_word' id='word_1_146' title='bbox 1131 1921 1167 1984; x_wconf 91' lang='lat' dir='ltr'><strong>in</strong></span> 
     </span>
     <span class='ocr_line' id='line_1_21' title="bbox 149 2007 1166 2094; baseline 0 -21"><span class='ocrx_word' id='word_1_147' title='bbox 149 2029 283 2091; x_wconf 90' lang='lat' dir='ltr'><strong>corpore</strong></span> <span class='ocrx_word' id='word_1_148' title='bbox 316 2007 360 2072; x_wconf 85' lang='lat' dir='ltr'><strong>sit</strong></span> <span class='ocrx_word' id='word_1_149' title='bbox 392 2012 559 2093; x_wconf 89' lang='lat' dir='ltr'><strong>tamquam</strong></span> <span class='ocrx_word' id='word_1_150' title='bbox 594 2008 719 2073; x_wconf 87' lang='lat' dir='ltr'><strong>alienae</strong></span> <span class='ocrx_word' id='word_1_151' title='bbox 752 2007 877 2092; x_wconf 92' lang='lat' dir='ltr'><strong>domui,</strong></span> <span class='ocrx_word' id='word_1_152' title='bbox 914 2030 1011 2091; x_wconf 88' lang='lat' dir='ltr'><strong>quam</strong></span> <span class='ocrx_word' id='word_1_153' title='bbox 1048 2009 1166 2094; x_wconf 88' lang='lat' dir='ltr'><strong>qualis,</strong></span> 
     </span>
     <span class='ocr_line' id='line_1_22' title="bbox 149 2095 1166 2180; baseline 0.001 -19"><span class='ocrx_word' id='word_1_154' title='bbox 149 2117 222 2161; x_wconf 94' lang='lat' dir='ltr'><strong>cum</strong></span> <span class='ocrx_word' id='word_1_155' title='bbox 246 2095 361 2160; x_wconf 83' lang='lat' dir='ltr'><strong>exierit</strong></span> <span class='ocrx_word' id='word_1_156' title='bbox 384 2099 417 2159; x_wconf 93' lang='lat' dir='ltr'><strong>et</strong></span> <span class='ocrx_word' id='word_1_157' title='bbox 439 2095 473 2160; x_wconf 91' lang='lat' dir='ltr'><strong>in</strong></span> <span class='ocrx_word' id='word_1_158' title='bbox 495 2097 632 2162; x_wconf 92' lang='lat' dir='ltr'><strong>liberum</strong></span> <span class='ocrx_word' id='word_1_159' title='bbox 652 2098 778 2161; x_wconf 93' lang='lat' dir='ltr'><strong>caelum</strong></span> <span class='ocrx_word' id='word_1_160' title='bbox 802 2097 895 2180; x_wconf 90' lang='lat' dir='ltr'><strong>quasi</strong></span> <span class='ocrx_word' id='word_1_161' title='bbox 919 2096 1050 2161; x_wconf 93' lang='lat' dir='ltr'><strong>domum</strong></span> <span class='ocrx_word' id='word_1_162' title='bbox 1075 2118 1166 2162; x_wconf 87' lang='lat' dir='ltr'><strong>suam</strong></span> 
     </span>
     <span class='ocr_line' id='line_1_23' title="bbox 148 2183 1167 2270; baseline 0.001 -21"><span class='ocrx_word' id='word_1_163' title='bbox 148 2184 281 2250; x_wconf 89' lang='lat' dir='ltr'><strong>venerit.</strong></span> <span class='ocrx_word' id='word_1_164' title='bbox 326 2183 401 2249; x_wconf 90' lang='lat' dir='ltr'><strong>Nisi</strong></span> <span class='ocrx_word' id='word_1_165' title='bbox 425 2185 521 2268; x_wconf 89' lang='lat' dir='ltr'><strong>enirn,</strong></span> <span class='ocrx_word' id='word_1_166' title='bbox 545 2184 630 2270; x_wconf 92' lang='lat' dir='ltr'><strong>quod</strong></span> <span class='ocrx_word' id='word_1_167' title='bbox 648 2206 825 2269; x_wconf 87' lang='lat' dir='ltr'><strong>numquam</strong></span> <span class='ocrx_word' id='word_1_168' title='bbox 848 2186 997 2268; x_wconf 81' lang='lat' dir='ltr'><strong>vidimus,</strong></span> <span class='ocrx_word' id='word_1_169' title='bbox 1018 2185 1051 2249; x_wconf 94' lang='lat' dir='ltr'><strong>id</strong></span> <span class='ocrx_word' id='word_1_170' title='bbox 1072 2187 1167 2270; x_wconf 92' lang='lat' dir='ltr'><strong>quale</strong></span> 
     </span>
     <span class='ocr_line' id='line_1_24' title="bbox 150 2273 1167 2359; baseline 0.003 -23"><span class='ocrx_word' id='word_1_171' title='bbox 150 2273 205 2356; x_wconf 87' lang='lat' dir='ltr'><strong>sit,</strong></span> <span class='ocrx_word' id='word_1_172' title='bbox 233 2273 423 2358; x_wconf 88' lang='lat' dir='ltr'><strong>intellegere</strong></span> <span class='ocrx_word' id='word_1_173' title='bbox 453 2295 520 2338; x_wconf 89' lang='lat' dir='ltr'><strong>non</strong></span> <span class='ocrx_word' id='word_1_174' title='bbox 547 2295 734 2358; x_wconf 85' lang='lat' dir='ltr'><strong>possumus,</strong></span> <span class='ocrx_word' id='word_1_175' title='bbox 760 2277 847 2338; x_wconf 89' lang='lat' dir='ltr'><strong>certe</strong></span> <span class='ocrx_word' id='word_1_176' title='bbox 876 2276 908 2337; x_wconf 90' lang='lat' dir='ltr'><strong>et</strong></span> <span class='ocrx_word' id='word_1_177' title='bbox 935 2274 1030 2338; x_wconf 88' lang='lat' dir='ltr'><strong>deum</strong></span> <span class='ocrx_word' id='word_1_178' title='bbox 1057 2275 1167 2359; x_wconf 87' lang='lat' dir='ltr'><strong>ipsum</strong></span> 
     </span>
     <span class='ocr_line' id='line_1_25' title="bbox 150 2361 1167 2446; baseline 0.002 -21"><span class='ocrx_word' id='word_1_179' title='bbox 150 2364 182 2426; x_wconf 91' lang='lat' dir='ltr'><strong>et</strong></span> <span class='ocrx_word' id='word_1_180' title='bbox 217 2361 362 2426; x_wconf 88' lang='lat' dir='ltr'><strong>divinum</strong></span> <span class='ocrx_word' id='word_1_181' title='bbox 399 2363 544 2428; x_wconf 88' lang='lat' dir='ltr'><strong>animum</strong></span> <span class='ocrx_word' id='word_1_182' title='bbox 581 2383 714 2446; x_wconf 89' lang='lat' dir='ltr'><strong>corpore</strong></span> <span class='ocrx_word' id='word_1_183' title='bbox 752 2362 927 2427; x_wconf 90' lang='lat' dir='ltr'><strong>liberatum</strong></span> <span class='ocrx_word' id='word_1_184' title='bbox 964 2363 1167 2446; x_wconf 86' lang='lat' dir='ltr'><strong>cogitatione</strong></span> 
     </span>
     <span class='ocr_line' id='line_1_26' title="bbox 150 2449 1168 2536; baseline 0.003 -22"><span class='ocrx_word' id='word_1_185' title='bbox 150 2450 322 2534; x_wconf 87' lang='lat' dir='ltr'><strong>complecti</strong></span> <span class='ocrx_word' id='word_1_186' title='bbox 345 2473 527 2536; x_wconf 87' lang='lat' dir='ltr'><strong>possumus.</strong></span> <span class='ocrx_word' id='word_1_187' title='bbox 577 2449 795 2516; x_wconf 88' lang='lat' dir='ltr'><strong>Dicaearchus</strong></span> <span class='ocrx_word' id='word_1_188' title='bbox 824 2451 954 2535; x_wconf 89' lang='lat' dir='ltr'><strong>quidem</strong></span> <span class='ocrx_word' id='word_1_189' title='bbox 982 2455 1016 2515; x_wconf 90' lang='lat' dir='ltr'><strong>et</strong></span> <span class='ocrx_word' id='word_1_190' title='bbox 1038 2451 1168 2517; x_wconf 86' lang='lat' dir='ltr'><strong>Aristo·</strong></span> 
     </span>
     <span class='ocr_line' id='line_1_27' title="bbox 149 2539 1169 2624; baseline 0.002 -22"><span class='ocrx_word' id='word_1_191' title='bbox 149 2559 260 2623; x_wconf 86' lang='lat' dir='ltr'><strong>xenus,</strong></span> <span class='ocrx_word' id='word_1_192' title='bbox 284 2540 361 2624; x_wconf 90' lang='lat' dir='ltr'><strong>quia</strong></span> <span class='ocrx_word' id='word_1_193' title='bbox 384 2539 523 2605; x_wconf 89' lang='lat' dir='ltr'><strong>difficilis</strong></span> <span class='ocrx_word' id='word_1_194' title='bbox 548 2543 618 2603; x_wconf 91' lang='lat' dir='ltr'><strong>crat</strong></span> <span class='ocrx_word' id='word_1_195' title='bbox 642 2539 751 2623; x_wconf 87' lang='lat' dir='ltr'><strong>animi,</strong></span> <span class='ocrx_word' id='word_1_196' title='bbox 774 2539 850 2623; x_wconf 91' lang='lat' dir='ltr'><strong>quid</strong></span> <span class='ocrx_word' id='word_1_197' title='bbox 871 2543 927 2604; x_wconf 91' lang='lat' dir='ltr'><strong>aut</strong></span> <span class='ocrx_word' id='word_1_198' title='bbox 946 2539 1050 2624; x_wconf 89' lang='lat' dir='ltr'><strong>qualis</strong></span> <span class='ocrx_word' id='word_1_199' title='bbox 1071 2545 1169 2623; x_wconf 86' lang='lat' dir='ltr'><strong>esset,</strong></span> 
     </span>
     <span class='ocr_line' id='line_1_28' title="bbox 149 2626 1168 2712; baseline 0.002 -22"><span class='ocrx_word' id='word_1_200' title='bbox 149 2626 387 2712; x_wconf 84' lang='lat' dir='ltr'><strong>intellegentia,</strong></span> <span class='ocrx_word' id='word_1_201' title='bbox 421 2629 546 2692; x_wconf 92' lang='lat' dir='ltr'><strong>nullum</strong></span> <span class='ocrx_word' id='word_1_202' title='bbox 575 2629 706 2693; x_wconf 92' lang='lat' dir='ltr'><strong>omnino</strong></span> <span class='ocrx_word' id='word_1_203' title='bbox 735 2630 878 2693; x_wconf 90' lang='lat' dir='ltr'><strong>animum</strong></span> <span class='ocrx_word' id='word_1_204' title='bbox 908 2650 978 2693; x_wconf 86' lang='lat' dir='ltr'><strong>esse</strong></span> <span class='ocrx_word' id='word_1_205' title='bbox 1005 2628 1168 2693; x_wconf 86' lang='lat' dir='ltr'><strong>dixerunt.</strong></span> 
     </span>
     <span class='ocr_line' id='line_1_29' title="bbox 148 2714 1218 2802; baseline -0.002 -22"><span class='ocrx_word' id='word_1_206' title='bbox 148 2714 211 2780; x_wconf 82' lang='lat' dir='ltr'><strong>Est</strong></span> <span class='ocrx_word' id='word_1_207' title='bbox 233 2716 314 2781; x_wconf 92' lang='lat' dir='ltr'><strong>illud</strong></span> <span class='ocrx_word' id='word_1_208' title='bbox 342 2716 470 2801; x_wconf 89' lang='lat' dir='ltr'><strong>quidem</strong></span> <span class='ocrx_word' id='word_1_209' title='bbox 497 2717 550 2782; x_wconf 81' lang='lat' dir='ltr'><strong>vel</strong></span> <span class='ocrx_word' id='word_1_210' title='bbox 573 2739 761 2782; x_wconf 84' lang='lat' dir='ltr'><strong>maxumum</strong></span> <span class='ocrx_word' id='word_1_211' title='bbox 785 2717 892 2781; x_wconf 89' lang='lat' dir='ltr'><strong>animo</strong></span> <span class='ocrx_word' id='word_1_212' title='bbox 922 2717 994 2802; x_wconf 91' lang='lat' dir='ltr'><strong>ipso</strong></span> <span class='ocrx_word' id='word_1_213' title='bbox 1019 2718 1166 2782; x_wconf 87' lang='lat' dir='ltr'><strong>animum</strong></span> <span class='ocrx_word' id='word_1_214' title='bbox 1186 2730 1218 2779; x_wconf 78' lang='lat'><strong>52</strong></span> 
     </span>
     <span class='ocr_line' id='line_1_30' title="bbox 148 2804 1169 2889; baseline 0.002 -21"><span class='ocrx_word' id='word_1_215' title='bbox 148 2805 265 2889; x_wconf 83' lang='lat' dir='ltr'><strong>uidere,</strong></span> <span class='ocrx_word' id='word_1_216' title='bbox 290 2809 323 2869; x_wconf 90' lang='lat' dir='ltr'><strong>et</strong></span> <span class='ocrx_word' id='word_1_217' title='bbox 344 2805 496 2869; x_wconf 89' lang='lat' dir='ltr'><strong>nimirum</strong></span> <span class='ocrx_word' id='word_1_218' title='bbox 520 2805 604 2870; x_wconf 89' lang='lat' dir='ltr'><strong>hanc</strong></span> <span class='ocrx_word' id='word_1_219' title='bbox 626 2806 728 2870; x_wconf 90' lang='lat' dir='ltr'><strong>habet</strong></span> <span class='ocrx_word' id='word_1_220' title='bbox 750 2806 817 2870; x_wconf 88' lang='lat' dir='ltr'><strong>vim</strong></span> <span class='ocrx_word' id='word_1_221' title='bbox 840 2810 1050 2889; x_wconf 89' lang='lat' dir='ltr'><strong>praeceptum</strong></span> <span class='ocrx_word' id='word_1_222' title='bbox 1067 2804 1169 2889; x_wconf 91' lang='lat' dir='ltr'><strong>Apol·</strong></span> 
     </span>
     <span class='ocr_line' id='line_1_31' title="bbox 148 2893 1168 2980; baseline 0.002 -24"><span class='ocrx_word' id='word_1_223' title='bbox 148 2893 239 2974; x_wconf 88' lang='lat' dir='ltr'><strong>linis,</strong></span> <span class='ocrx_word' id='word_1_224' title='bbox 267 2915 331 2978; x_wconf 93' lang='lat' dir='ltr'><strong>quo</strong></span> <span class='ocrx_word' id='word_1_225' title='bbox 355 2897 477 2977; x_wconf 91' lang='lat' dir='ltr'><strong>monet,</strong></span> <span class='ocrx_word' id='word_1_226' title='bbox 505 2897 542 2958; x_wconf 92' lang='lat' dir='ltr'><strong>ut</strong></span> <span class='ocrx_word' id='word_1_227' title='bbox 571 2916 604 2958; x_wconf 89' lang='lat' dir='ltr'><strong>se</strong></span> <span class='ocrx_word' id='word_1_228' title='bbox 633 2894 769 2978; x_wconf 90' lang='lat' dir='ltr'><strong>quisque</strong></span> <span class='ocrx_word' id='word_1_229' title='bbox 798 2898 939 2980; x_wconf 57' lang='lat' dir='ltr'><strong>noscat„</strong></span> <span class='ocrx_word' id='word_1_230' title='bbox 966 2893 1043 2959; x_wconf 90' lang='lat' dir='ltr'><strong>Non</strong></span> <span class='ocrx_word' id='word_1_231' title='bbox 1072 2894 1168 2975; x_wconf 91' lang='lat' dir='ltr'><strong>enim,</strong></span> 
     </span>
     <span class='ocr_line' id='line_1_32' title="bbox 150 2981 1169 3066; baseline 0.001 -21"><span class='ocrx_word' id='word_1_232' title='bbox 150 2983 260 3066; x_wconf 90' lang='lat' dir='ltr'><strong>credo,</strong></span> <span class='ocrx_word' id='word_1_233' title='bbox 286 2981 319 3046; x_wconf 93' lang='lat' dir='ltr'><strong>id</strong></span> <span class='ocrx_word' id='word_1_234' title='bbox 342 2981 513 3066; x_wconf 89' lang='lat' dir='ltr'><strong>praecipit,</strong></span> <span class='ocrx_word' id='word_1_235' title='bbox 541 2986 578 3046; x_wconf 88' lang='lat' dir='ltr'><strong>ut</strong></span> <span class='ocrx_word' id='word_1_236' title='bbox 605 2984 753 3047; x_wconf 91' lang='lat' dir='ltr'><strong>membra</strong></span> <span class='ocrx_word' id='word_1_237' title='bbox 779 2987 893 3047; x_wconf 86' lang='lat' dir='ltr'><strong>nostra</strong></span> <span class='ocrx_word' id='word_1_238' title='bbox 922 2987 979 3047; x_wconf 89' lang='lat' dir='ltr'><strong>aut</strong></span> <span class='ocrx_word' id='word_1_239' title='bbox 1007 2985 1169 3047; x_wconf 87' lang='lat' dir='ltr'><strong>staturam</strong></span> 
     </span>
     <span class='ocr_line' id='line_1_33' title="bbox 148 3069 1169 3156; baseline 0.004 -24"><span class='ocrx_word' id='word_1_240' title='bbox 148 3069 329 3154; x_wconf 87' lang='lat' dir='ltr'><strong>figuramve</strong></span> <span class='ocrx_word' id='word_1_241' title='bbox 356 3091 539 3156; x_wconf 73' lang='lat' dir='ltr'><strong>noscamus,</strong></span> <span class='ocrx_word' id='word_1_242' title='bbox 571 3092 676 3156; x_wconf 88' lang='lat' dir='ltr'><strong>neque</strong></span> <span class='ocrx_word' id='word_1_243' title='bbox 704 3092 764 3136; x_wconf 86' lang='lat' dir='ltr'><strong>nos</strong></span> <span class='ocrx_word' id='word_1_244' title='bbox 792 3093 927 3154; x_wconf 87' lang='lat' dir='ltr'><strong>corpora</strong></span> <span class='ocrx_word' id='word_1_245' title='bbox 955 3093 1081 3156; x_wconf 86' lang='lat' dir='ltr'><strong>sumus,</strong></span> <span class='ocrx_word' id='word_1_246' title='bbox 1107 3093 1169 3136; x_wconf 91' lang='lat' dir='ltr'><strong>nec</strong></span> 
     </span>
     <span class='ocr_line' id='line_1_34' title="bbox 150 3158 1170 3245; baseline 0.006 -25"><span class='ocrx_word' id='word_1_247' title='bbox 150 3178 211 3241; x_wconf 88' lang='lat' dir='ltr'><strong>ego</strong></span> <span class='ocrx_word' id='word_1_248' title='bbox 243 3158 305 3224; x_wconf 90' lang='lat' dir='ltr'><strong>tibi</strong></span> <span class='ocrx_word' id='word_1_249' title='bbox 335 3159 415 3224; x_wconf 90' lang='lat' dir='ltr'><strong>haec</strong></span> <span class='ocrx_word' id='word_1_250' title='bbox 446 3159 556 3223; x_wconf 87' lang='lat' dir='ltr'><strong>dicens</strong></span> <span class='ocrx_word' id='word_1_251' title='bbox 585 3161 714 3242; x_wconf 92' lang='lat' dir='ltr'><strong>corpori</strong></span> <span class='ocrx_word' id='word_1_252' title='bbox 741 3163 798 3225; x_wconf 91' lang='lat' dir='ltr'><strong>tuo</strong></span> <span class='ocrx_word' id='word_1_253' title='bbox 827 3161 908 3227; x_wconf 90' lang='lat' dir='ltr'><strong>dico.</strong></span> <span class='ocrx_word' id='word_1_254' title='bbox 953 3159 1037 3225; x_wconf 80' lang='lat' dir='ltr'><strong>Oum</strong></span> <span class='ocrx_word' id='word_1_255' title='bbox 1065 3159 1170 3245; x_wconf 86' lang='lat' dir='ltr'><strong>igitur</strong></span> 
     </span>
     <span class='ocr_line' id='line_1_35' title="bbox 150 3243 1170 3331; baseline 0.005 -22"><span class='ocrx_word' id='word_1_256' title='bbox 150 3243 291 3311; x_wconf 76' lang='lat' dir='ltr'><strong>‘Nosce</strong></span> <span class='ocrx_word' id='word_1_257' title='bbox 310 3245 363 3312; x_wconf 91' lang='lat' dir='ltr'><strong>te&#39;</strong></span> <span class='ocrx_word' id='word_1_258' title='bbox 383 3247 474 3331; x_wconf 91' lang='lat' dir='ltr'><strong>dicit,</strong></span> <span class='ocrx_word' id='word_1_259' title='bbox 495 3247 557 3312; x_wconf 91' lang='lat' dir='ltr'><strong>hcc</strong></span> <span class='ocrx_word' id='word_1_260' title='bbox 576 3248 666 3312; x_wconf 90' lang='lat' dir='ltr'><strong>dicit:</strong></span> <span class='ocrx_word' id='word_1_261' title='bbox 691 3246 831 3314; x_wconf 74' lang='lat' dir='ltr'><strong>‘Nosce</strong></span> <span class='ocrx_word' id='word_1_262' title='bbox 850 3249 1019 3314; x_wconf 87' lang='lat' dir='ltr'><strong>animum</strong></span> <span class='ocrx_word' id='word_1_263' title='bbox 1038 3246 1170 3315; x_wconf 83' lang='lat' dir='ltr'><strong>tuum&#39;</strong></span> 
     </span>
     <span class='ocr_line' id='line_1_36' title="bbox 150 3331 1170 3422; baseline 0.007 -27"><span class='ocrx_word' id='word_1_264' title='bbox 150 3331 236 3397; x_wconf 91' lang='lat' dir='ltr'><strong>Nam</strong></span> <span class='ocrx_word' id='word_1_265' title='bbox 260 3357 378 3421; x_wconf 88' lang='lat' dir='ltr'><strong>corpus</strong></span> <span class='ocrx_word' id='word_1_266' title='bbox 402 3335 531 3419; x_wconf 92' lang='lat' dir='ltr'><strong>quidem</strong></span> <span class='ocrx_word' id='word_1_267' title='bbox 556 3336 649 3420; x_wconf 91' lang='lat' dir='ltr'><strong>quasi</strong></span> <span class='ocrx_word' id='word_1_268' title='bbox 672 3359 730 3402; x_wconf 89' lang='lat' dir='ltr'><strong>vas</strong></span> <span class='ocrx_word' id='word_1_269' title='bbox 758 3341 809 3401; x_wconf 91' lang='lat' dir='ltr'><strong>est</strong></span> <span class='ocrx_word' id='word_1_270' title='bbox 832 3340 889 3402; x_wconf 90' lang='lat' dir='ltr'><strong>aut</strong></span> <span class='ocrx_word' id='word_1_271' title='bbox 912 3337 1044 3422; x_wconf 89' lang='lat' dir='ltr'><strong>aliquod</strong></span> <span class='ocrx_word' id='word_1_272' title='bbox 1067 3338 1170 3403; x_wconf 89' lang='lat' dir='ltr'><strong>animi</strong></span> 
     </span>
     <span class='ocr_line' id='line_1_37' title="bbox 150 3424 1171 3513; baseline 0.007 -28"><span class='ocrx_word' id='word_1_273' title='bbox 150 3425 403 3509; x_wconf 83' lang='lat' dir='ltr'><strong>receptaculum3</strong></span> <span class='ocrx_word' id='word_1_274' title='bbox 432 3424 473 3488; x_wconf 91' lang='lat' dir='ltr'><strong>ab</strong></span> <span class='ocrx_word' id='word_1_275' title='bbox 497 3424 606 3490; x_wconf 90' lang='lat' dir='ltr'><strong>animo</strong></span> <span class='ocrx_word' id='word_1_276' title='bbox 630 3428 685 3489; x_wconf 90' lang='lat' dir='ltr'><strong>tuo</strong></span> <span class='ocrx_word' id='word_1_277' title='bbox 714 3425 866 3510; x_wconf 89' lang='lat' dir='ltr'><strong>quicquid</strong></span> <span class='ocrx_word' id='word_1_278' title='bbox 894 3427 1016 3513; x_wconf 87' lang='lat' dir='ltr'><strong>agitur,</strong></span> <span class='ocrx_word' id='word_1_279' title='bbox 1043 3425 1077 3491; x_wconf 92' lang='lat' dir='ltr'><strong>id</strong></span> <span class='ocrx_word' id='word_1_280' title='bbox 1102 3428 1171 3511; x_wconf 83' lang='lat' dir='ltr'><strong>agi·</strong></span> 
     </span>
    </p>
   </div>
   <div class='ocr_carea' id='block_1_6' title="bbox 52 3510 1171 3704">
    <p class='ocr_par' dir='ltr' id='par_1_6' title="bbox 52 3510 1171 3704">
     <span class='ocr_line' id='line_1_38' title="bbox 52 3510 1171 3704; baseline 0.004 -128"><span class='ocrx_word' id='word_1_281' title='bbox 52 3513 205 3704; x_wconf 51' lang='lat' dir='ltr'><strong>&#39;tur</strong></span> <span class='ocrx_word' id='word_1_282' title='bbox 228 3534 248 3576; x_wconf 90' lang='lat' dir='ltr'><strong>a</strong></span> <span class='ocrx_word' id='word_1_283' title='bbox 270 3514 311 3576; x_wconf 90' lang='lat' dir='ltr'><strong>te.</strong></span> <span class='ocrx_word' id='word_1_284' title='bbox 357 3510 453 3578; x_wconf 90' lang='lat' dir='ltr'><strong>Hunc</strong></span> <span class='ocrx_word' id='word_1_285' title='bbox 475 3513 575 3598; x_wconf 88' lang='lat' dir='ltr'><strong>igitur</strong></span> <span class='ocrx_word' id='word_1_286' title='bbox 597 3534 693 3580; x_wconf 85' lang='lat' dir='ltr'><strong>nosse</strong></span> <span class='ocrx_word' id='word_1_287' title='bbox 716 3515 781 3579; x_wconf 89' lang='lat' dir='ltr'><strong>nisi</strong></span> <span class='ocrx_word' id='word_1_288' title='bbox 804 3515 950 3581; x_wconf 82' lang='lat' dir='ltr'><strong>divinum</strong></span> <span class='ocrx_word' id='word_1_289' title='bbox 974 3517 1075 3602; x_wconf 86' lang='lat' dir='ltr'><strong>esset,</strong></span> <span class='ocrx_word' id='word_1_290' title='bbox 1102 3536 1171 3590; x_wconf 88' lang='lat' dir='ltr'><strong>non</strong></span> 
     </span>
    </p>
   </div>
   <div class='ocr_carea' id='block_1_7' title="bbox 0 0 1228 3944">
    <p class='ocr_par' dir='ltr' id='par_1_7' title="bbox 0 0 1228 3944">
     <span class='ocr_line' id='line_1_39' title="bbox 0 0 1228 3944; baseline 0 0"><span class='ocrx_word' id='word_1_291' title='bbox 0 0 1228 3944; x_wconf 95' lang='lat' dir='ltr'><strong> </strong></span> 
     </span>
    </p>
   </div>
  </div>
 </body>
</html>
