2446 3944
469 216 510 237 -·
556 191 621 256 aaa
666 160 746 240 -”

86 350 283 434 aspeximus,
300 350 383 414 nihil
403 353 464 433 est,
484 351 577 435 quod,
595 354 632 416 ut
652 373 689 417 eo
708 351 880 434 potiamur,
896 371 965 420 non
982 349 1089 433 parati

84 439 186 502 simus
214 441 247 501 et
273 437 356 501 ferre
385 440 417 502 et
442 439 576 522 perpeti.
626 438 676 503 Ex
701 439 764 504 hoc
791 460 885 503 cursu
913 441 1008 521 atque
1031 437 1089 500 im-

84 528 161 608 petu
192 525 373 590 animorum
401 526 442 589 ad
469 548 578 591 veram
606 526 736 590 laudem
763 529 859 609 atque
886 524 1089 590 honestatem

84 613 143 675 illa
170 612 314 695 pericula
341 613 499 677 adeuntur
526 614 560 676 in
587 613 733 698 proeliis3
762 635 828 678 non
855 613 999 677 sentiunt
1027 612 1090 677 viri
1163 649 1167 656 ·

85 699 187 764 fortes
211 700 245 763 in
268 701 336 764 acie
358 700 505 784 volnera,
528 702 580 765 vel
602 702 759 783 sentiunt,
782 700 837 765 sed
860 701 943 765 mori
965 701 1091 764 malunt

86 809 181 870 quam
195 790 323 860 tantum
336 788 431 852 modo
447 788 485 852 de
504 789 674 872 dignitatis
689 788 791 872 gradu
809 788 980 852 demoveri.
1012 786 1089 851 Ful·
1107 794 1142 843 59

84 875 190 958 gentis
213 875 338 958 gladios
360 875 504 940 hostium
527 876 679 940 videbant
701 876 808 958 Decii,
836 896 908 939 oum
932 876 967 939 in
989 875 1090 939 aciem

86 984 195 1026 eorum
214 963 395 1027 inruebant.
426 963 487 1027 His
502 964 632 1028 levabat
646 985 774 1028 omnem
788 963 954 1028 volnerum
967 966 1090 1026 metum

83 1051 237 1113 nobilitas
256 1051 370 1115 mortis
389 1054 422 1114 et
444 1051 558 1135 gloria.
592 1050 681 1115 Num
698 1055 769 1115 tum
787 1050 983 1134 ingemuisse
1005 1049 1090 1133 Epa-

84 1137 273 1202 minondam
290 1141 395 1221 putas,
414 1160 486 1203 oum
504 1160 655 1203 unacum
670 1139 825 1222 sanguine
843 1137 945 1202 vitam
962 1136 1090 1201 effluere

84 1224 239 1289 sentiret?
295 1225 514 1310 Imperantem
541 1226 626 1290 enim
657 1226 797 1308 patriam
827 1224 1089 1304 Lacedaemoniis

83 1313 298 1396 relinquebat
327 1335 423 1396 quam
451 1317 618 1396 acceperat
645 1313 845 1377 servientem.
893 1312 983 1376 Haec
1015 1314 1091 1375 sunt

84 1399 219 1484 solacia,
241 1399 323 1464 haec
345 1401 489 1465 fomenta
512 1422 712 1464 summorum
735 1400 889 1465 dolorum.

149 1485 260 1550 Dices:
288 1488 426 1570 quidm
452 1509 545 1570 pace,
568 1488 645 1570 quid
667 1487 766 1570 domi,
795 1487 928 1587 quidm
950 1486 1067 1551 lectulo

85 1572 126 1637 ad
152 1573 365 1656 philosophos
392 1596 444 1637 me
470 1596 615 1658 revoces,
643 1574 697 1659 qui
722 1575 756 1638 in
783 1576 884 1639 aciem
906 1596 972 1638 non
995 1596 1090 1656 saepe

84 1660 251 1743 prodeunt.
305 1661 333 1725 E
366 1661 482 1744 quibus
514 1662 612 1727 homo
644 1683 722 1725 sane
757 1662 851 1744 levis,
882 1660 1055 1725 Heracleot
1041 1665 1090 1725 tes

83 1748 277 1831 Dionysius,
300 1770 373 1812 cum
396 1770 416 1811 a
434 1748 561 1813 Zenone
583 1749 678 1814 fortis
701 1770 770 1813 esse
795 1711 972 1831 didicisset,
995 1771 1015 1812 a
1037 1748 1091 1814 do-

83 1836 152 1900 lore
184 1835 336 1899 dedoctus
369 1839 426 1900 est.
404 1835 565 1900 tNam
594 1858 666 1901 oum
694 1858 731 1900 ex
757 1837 888 1900 renibus
918 1837 1091 1920 laboraret,

84 1924 155 2005 ipso
178 1922 213 1987 in
236 1922 359 1987 eiulatu
382 1922 572 1987 clamitabat
592 1924 677 1989 false
700 1946 769 1988 esse
793 1924 862 2006 illa,
892 1945 973 2008 quae
997 1886 1091 1988 anteri

84 2010 122 2074 de
152 2010 294 2074 dolore
284 2033 355 2094 lpse
378 2011 541 2076 sensisset.
592 2011 693 2086 Quem
721 2033 792 2075 cum
816 1973 930 2076 Cleant
931 2011 988 2075 hes
1018 2033 1090 2076 con·

85 2098 260 2182 discipulus
287 2102 430 2182 rogaret,
460 2121 620 2182 quaenam
650 2099 733 2162 ratio
763 2121 835 2162 eum
862 2100 900 2163 de
930 2099 1091 2164 sententia

84 2186 283 2268 deduxisset,
328 2186 512 2269 respondit:
558 2186 688 2270 ‘Quia
729 2187 776 2268 si,
819 2207 901 2251 oum
942 2189 1091 2251 tantum

83 2273 942 2445 letteattested:{tutelstete
953 2277 1092 2427 tlt

452 2412 462 2444 7

85 2469 168 2512 esse
196 2449 375 2513 dolorem.
423 2449 615 2513 Plurimos
644 2450 770 2512 autem
798 2471 915 2514 annos
942 2450 981 2513 in
1008 2450 1091 2533 phi-

84 2534 265 2618 losophia
292 2537 512 2619 consumpsi
539 2557 607 2600 nec
633 2535 733 2599 ferre
760 2558 929 2619 possum,
952 2539 1090 2601 malum

85 2625 146 2686 est
163 2623 285 2706 igitur
303 2622 433 2688 dolor?
465 2623 548 2687 Tum
563 2620 763 2706 Cleanthem,
782 2644 854 2687 cum
872 2624 953 2707 pede
970 2627 1091 2687 terram

84 2711 311 2794 percussisset,
333 2732 461 2775 versum
485 2733 524 2781 ex
546 2710 704 2794 Epigonis
727 2709 837 2775 ferunt
859 2711 990 2775 dixisse:

1073 1451 1143 1576 ,25

129 2831 300 2897 Audisne
318 2833 424 2916 haec,
443 2832 674 2918 Amphiarai}
694 2834 761 2898 sub
777 2836 922 2898 terram
940 2832 1091 2897 abdite?

86 2972 247 3037 Zenonem
266 2972 483 3056 significabat,
506 2994 526 3035 a
549 2993 611 3057 quo
631 2972 723 3037 illum
741 2974 934 3058 degenerare
953 2973 1123 3037 dolebat.

84 3059 130 3123 At
116 3065 218 3123 tnon
240 3063 351 3124 noster
373 3059 579 3142 Posidonius3
604 3082 698 3144 quem
717 3061 780 3125 et
771 3083 840 3144 ipse
859 3081 955 3144 saepe
975 3060 1042 3124 vidi
1059 3064 1092 3124 et
1111 3074 1142 3122 61

84 3148 117 3212 id
148 3148 266 3231 dicam,
296 3148 381 3230 quod
411 3149 535 3212 solebat
565 3169 696 3212 narrare
725 3148 911 3231 Pompeius,
941 3169 988 3230 se,
1020 3169 1092 3211 cum

85 3234 258 3315 Rhodum
329 3234 406 3299 sset
431 3234 586 3299 decedens
614 3256 652 3299 ex
681 3234 788 3319 Syria,
816 3235 925 3299 audire
952 3235 1092 3299 voluisse

442 3344 516 3387 cum
552 3322 694 3386 audisset
680 3326 804 3387 teum
840 3323 982 3408 graviter
1022 3344 1092 3388 esse

584 3494 588 3501 Ι
605 3411 715 3485 eius
761 3414 850 3474 artus
897 3410 1092 3493 laborarent,
