2446 3944
443 182 595 248 -445
641 218 682 229 —

62 344 177 408 beatus
199 342 305 407 nollet
328 363 406 408 esse.
442 339 569 406 Satisne
592 341 718 406 videtur
741 341 920 407 declarasse
942 342 1064 426 Diony-

62 431 129 532 sius
156 430 240 494 nihil
267 451 337 495 esse
364 431 393 493 ei
425 430 646 531 beatum,·cui
676 430 931 530 semperaliqui
961 433 1067 495 terror

61 517 293 670 ttpttttt
316 517 899 690 littttttttdtdtltt
920 522 1066 671 till

61 693 220 777 redderet3
247 693 289 757 iis
317 693 403 757 enim
431 714 464 757 se
488 691 671 757 adulescens
699 691 868 774 inprovida
890 695 997 758 aetate
1019 695 1065 758 in·

62 781 194 846 retierat
216 781 331 846 erratis
354 801 453 864 eaque
476 780 693 862 commiserat,
719 783 757 843 ut
778 781 886 845 salvus
910 802 1067 847 essenon

61 873 183 953 posset,
207 869 234 933 si
256 889 353 933 sanus
377 889 446 933 esse
470 868 637 951 coepisset.

129 957 334 1040 Quantopere
351 976 428 1021 vero
449 955 609 1020 amicitias
632 954 838 1038 desideraret,
862 977 996 1040 quarum
1018 957 1064 1021 in·
1074 933 1118 1060 262

60 1044 251 1109 fidelitatem
291 1043 533 1125 extimescebat,
573 1043 794 1108 declaravit
783 1065 818 1108 m
855 1043 905 1127 Py
907 1011 1117 1127 thagoriis⁶³

63 1133 187 1197 duobus
213 1132 294 1214 illis,
320 1153 456 1214 quorum
479 1152 553 1195 cum
575 1130 714 1195 alterum
736 1130 849 1195 vadem
876 1133 989 1195 mortis
1014 1153 1065 1196 ac·

61 1221 212 1304 cepisset,
249 1219 343 1302 alter,
378 1221 416 1283 ut
450 1219 564 1283 vadem
600 1240 694 1283 suum
729 1218 896 1302 liberaret,
935 1223 1065 1302 praesto

60 1308 175 1374 fuisset
199 1307 239 1372 sd
260 1308 375 1372 horam
396 1306 510 1371 mortis
535 1305 741 1388 destinatam,
772 1305 944 1371 ‘Utinam
967 1305 1066 1390 ego',

61 1392 1065 1548 letti?”tttttli{ttt⁰¹²tttttltftlatltl

1057 1532 1066 1565 l

63 1571 217 1636 societate
248 1570 365 1653 victus,
401 1590 547 1634 sermone
580 1569 710 1634 omnino
741 1568 910 1652 familiari,
940 1569 1065 1634 homini

61 1657 251 1740 praesertim
274 1658 368 1722 docto
392 1680 412 1721 a
433 1679 533 1741 puero
557 1660 590 1721 et
612 1658 734 1721 artibus
757 1657 905 1742 ingenuis
928 1658 1065 1721 erudito!

61 1745 259 1810 Musiccrum
291 1767 367 1810 vero
396 1745 646 1828 perstudiosum,
676 1747 805 1828 poetam
837 1746 935 1809 etiam
966 1744 1066 1828 tragi-

62 1855 134 1898 cum
157 1830 268 1918 (quam
286 1833 419 1917 bonum,
441 1833 523 1897 nihil
542 1833 582 1896 ad
600 1854 681 1916 rem3
704 1833 738 1897 in
760 1832 821 1897 hoc
840 1833 926 1898 enim
947 1852 1065 1917 genere

61 1921 172 1986 nescio
199 1942 262 2004 quo
289 1923 384 2003 pacto
411 1920 516 2005 magis
544 1942 642 2005 quam
669 1920 704 1984 in
731 1920 803 1984 aliis
832 1942 924 1985 suum
953 1923 1066 2004 cuique

62 2008 233 2092 pulchrum
260 2011 318 2072 est.
367 2007 481 2073 Adhuc
507 2009 669 2073 neminem
697 2009 832 2093 cognovi
858 2012 988 2092 poetam
1018 2006 1066 2094 (et

62 2096 143 2161 mihi
171 2095 234 2160 fuit
260 2117 333 2160 cum
359 2095 501 2180 Aquinio
524 2095 695 2182 amicitia),
723 2097 778 2180 qui
801 2096 864 2161 eibi
886 2119 951 2162 non
974 2100 1065 2179 optu-

61 2207 133 2248 mus
152 2183 323 2248 videretur.
359 2181 412 2248 Sic
430 2205 464 2247 se
483 2204 535 2248 res
557 2184 667 2249 habet:
692 2187 725 2249 te
743 2188 812 2266 tua,
835 2205 887 2248 me
906 2184 1066 2248 delectant

61 2270 147 2356 mea)
173 2307 211 2317 —-
237 2272 292 2335 sed
319 2275 356 2335 ut
379 2271 420 2336 ad
441 2270 635 2355 Dionysium
658 2272 837 2355 redeamus,
865 2272 954 2338 omni
976 2272 1065 2336 cultu

63 2364 96 2424 et
117 2360 204 2424 victu
225 2359 367 2424 humano
391 2360 533 2442 carebat3
558 2361 688 2424 vivebat
710 2381 781 2424 cum
804 2359 965 2444 fugitivis,
993 2381 1065 2422 cum

63 2446 284 2599 facinerosis,t
287 2469 359 2512 cum
381 2447 543 2528 barbaris,
565 2448 739 2530 neminem,
762 2447 816 2530 qui
837 2451 894 2511 aut
915 2447 1065 2510 libertate

64 2534 180 2618 dignus
200 2539 284 2599 esset
303 2539 360 2599 aut
377 2535 476 2599 vellet
494 2534 624 2599 omnino
642 2534 726 2598 liber
744 2555 823 2618 esse,
846 2534 908 2599 sibi
927 2534 1066 2598 amicum

64 2622 292 2688 arbitrabatur.

128 2708 202 2775 Non
231 2729 290 2793 ego
317 2710 383 2773 iam
410 2732 482 2774 cum
508 2709 677 2773 huiust
629 2709 697 2773 vita
702 2759 711 2791 ,
742 2730 805 2792 qua
831 2708 980 2791 taetrius,
1007 2708 1064 2771 mi·
1075 2685 1118 2750 23

64 2797 182 2882 serius,
204 2797 426 2861 detestabilius
446 2798 628 2881 excogitare
646 2796 729 2860 nihil
751 2817 896 2879 possum,
919 2763 1119 2860 Platonis64

64 2889 120 2950 aut
146 2884 306 2968 Archytae
333 2886 382 2949 vit
384 2907 436 2949 am
463 2884 671 2969 comparabo,
701 2884 867 2949 doctorum
898 2882 1066 2947 hominum

64 2977 97 3038 et
119 2973 215 3055 plane
239 2973 445 3058 sapientium3
469 2994 508 3036 ex
531 2973 642 3038 eadem
660 2971 738 3036 urbe
757 2958 912 3035 humilem
931 2969 1065 3035 homun-

63 3060 171 3125 culum
199 3082 218 3124 a
243 3061 373 3143 pulvere
397 3063 430 3124 et
455 3060 545 3125 radio
574 3060 734 3141 excitabo,
761 3058 815 3142 qui
840 3058 950 3122 multis
974 3058 1065 3122 annis

62 3151 139 3232 post
156 3148 227 3231 fuit,
244 3147 477 3212 Archimedem.
515 3145 612 3213 (luins
633 3168 693 3232 ego
712 3149 862 3231 quaestor
880 3146 1064 3230 ignoratum

63 3236 104 3300 ab
128 3233 349 3319 Syracusanis,
379 3257 451 3300 cum
474 3257 543 3300 esse
567 3236 697 3301 omnino
719 3235 888 3317 negarent,
917 3236 1065 3316 saeptum

62 3323 201 3407 undique
225 3327 258 3388 et
279 3323 433 3388 vestitum
451 3324 602 3407 vepribus
626 3326 659 3386 et
681 3322 819 3386 dumetis
841 3320 995 3406 indagavi

62 3412 218 3493 pulcrum.
266 3410 427 3475 Tenebam
461 3412 547 3475 enim
580 3410 737 3494 quosdam
764 3408 954 3489 senariolos,
975 3340 1152 3695 Γ

62 3500 97 3562 in
129 3499 197 3563 eius
229 3501 436 3563 monumento
468 3520 538 3564 esse
569 3498 741 3580 inscriptos
775 3516 983 3581 acceperamjj
