2446 3944
536 169 777 234 -522-

156 335 244 412 Quae
273 336 382 398 autem
408 334 502 396 tanta
529 353 568 396 ex
594 331 751 414 improbis
778 329 873 395 factis
902 329 942 395 ad
973 329 1167 394 minuendas

155 423 242 487 vitae
264 420 429 484 molestias
453 420 595 484 accessio
612 422 721 502 potest
737 418 820 502 fieri,
843 420 963 502 quanta
986 418 1028 481 ad
1047 438 1167 502 augen-

156 509 226 592 das,
258 530 330 573 cum
363 507 561 573 conscientia
595 507 772 589 factorum,
807 509 877 569 tum
913 526 1018 588 poena
1053 507 1167 590 legum

155 597 292 679 odioque
319 595 459 660 civium?
509 595 554 660 Et
579 597 691 658 tamen
712 594 748 658 in
769 593 962 678 quibusdam
982 615 1090 677 neque
1112 615 1166 678 pe-

155 685 268 749 cuniae
299 683 413 748 modus
445 686 495 747 est
524 703 627 766 neque
658 681 792 747 honoris
818 703 921 765 neque
948 681 1079 764 imperii
1108 703 1167 746 nec

154 771 325 836 libidinum
350 791 411 836 nec
438 770 605 853 epularum
632 790 692 834 noo
719 769 915 852 reliquarum
942 769 1167 853 cupiditatum,

156 882 236 944 quas
262 859 353 923 nulla
380 857 500 943 praeda
526 879 679 941 umquam
706 857 853 941 improbe
880 860 975 942 parta
999 857 1120 922 minuit
1140 863 1169 922 ct

155 948 264 1031 potius
284 947 479 1030 inflammat,
501 949 538 1010 ut
556 945 723 1010 ootroendi
742 945 845 1029 magis
869 967 966 1029 quam
989 945 1167 1011 dedocendi

103 1055 137 1106 52
157 1057 227 1100 esse
253 1035 431 1099 videantur.
479 1032 602 1098 Invitat
628 1033 729 1118 igitur
755 1054 831 1097 uera
853 1033 936 1097 ratio
963 1033 1046 1097 bene
1071 1055 1166 1098 sanos

157 1124 198 1188 ad
223 1123 396 1205 iustitiam,
424 1121 633 1205 aequitatem,
661 1121 767 1187 fidem.
814 1119 928 1204 Neque
959 1120 1089 1186 homini
1120 1124 1166 1187 in·

155 1211 241 1275 fanti
269 1213 325 1275 aut
351 1208 522 1292 impotenti
548 1208 667 1272 iniuste
696 1209 785 1273 facta
807 1208 1002 1292 conducunt,
1028 1209 1086 1293 qui
1108 1230 1166 1274 neo

155 1298 251 1362 facile
279 1297 404 1362 efficere
430 1296 549 1380 possit,
577 1296 662 1379 quod
690 1300 837 1380 conetur,
863 1317 923 1361 neo
948 1296 1110 1380 obtinere,
1139 1297 1165 1361 si

157 1385 310 1469 effecerit,
337 1390 475 1467 etopes
502 1385 555 1449 vel
575 1384 725 1449 fortunae
751 1384 802 1449 vel
825 1384 947 1469 ingenii
974 1384 1165 1449 liberalitati

155 1474 263 1558 magis
295 1473 502 1556 conveniunt,
534 1493 598 1557 qua
633 1473 689 1555 qui
722 1475 870 1556 utuntur,
905 1473 1165 1537 benevolentiam

158 1561 221 1626 sibi
245 1561 417 1625 conciliant
440 1563 484 1642 et,
512 1559 596 1644 quod
620 1560 825 1644 aptissimum
850 1560 964 1624 estad
988 1561 1096 1644 quiete
1118 1560 1164 1624 vi-

156 1649 308 1732 vendum,
336 1647 518 1730 caritatem,
544 1648 735 1731 praesertim
758 1670 830 1713 oum
855 1648 985 1712 omnino
1008 1648 1100 1712 nulla
1123 1648 1166 1713 sit

104 1755 139 1806 ca
159 1758 255 1801 causa
277 1735 440 1819 peccandi.
486 1734 576 1810 Quae
599 1736 684 1799 enim
707 1736 898 1818 cupiditates
917 1759 937 1800 a
953 1739 1072 1801 natura
1092 1758 1165 1820 pro·

157 1824 356 1906 ficiscuntur,
387 1823 482 1887 facile
515 1824 683 1906 explentur
715 1823 784 1887 sine
815 1824 884 1887 ulla
914 1823 1047 1907 iniuria,
1084 1845 1166 1908 quae

158 1915 265 1975 autem
288 1913 400 1975 inanes
424 1915 512 1994 sunt,
534 1910 574 1976 iis
596 1910 773 1995 parendum
791 1933 857 1976 non
875 1913 932 1975 est.
967 1910 1061 1976 Nihil
1081 1913 1166 1976 enim

156 1998 367 2062 desiderabile
390 1999 636 2081 concupiscunt,
661 2000 798 2083 plusque
820 1999 855 2063 in
876 1999 949 2082 ipsa
970 1999 1092 2063 iniuria
1114 2001 1165 2065 de·

157 2086 300 2150 trimenti
323 2089 373 2150 est
392 2106 487 2168 quam
505 2087 539 2148 in
561 2087 601 2150 iis
619 2088 716 2151 rebus
735 2087 958 2170 emolumenti,
981 2108 1063 2170 quae
1081 2088 1167 2171 pari·

157 2177 256 2237 untur
278 2172 405 2238 iniuria.
449 2171 563 2255 Itaque
585 2194 626 2237 ne
649 2174 808 2238 iustitiam
832 2174 960 2258 quidem
984 2178 1072 2239 reete
1095 2177 1167 2260 quis

158 2260 275 2325 dixerit
296 2281 354 2343 per
377 2281 411 2323 se
434 2259 539 2342 ipsam
563 2262 753 2345 optabilem,
780 2263 836 2326 sed
859 2262 934 2345 quia
955 2263 1167 2328 iucunditatis

156 2350 209 2414 vel
239 2348 413 2432 plurimum
445 2348 566 2413 afferat.
633 2349 719 2414 Nam
757 2349 850 2434 diligi
881 2352 914 2414 et
950 2372 1060 2415 aarum
1098 2374 1167 2417 esse

157 2436 330 2502 iucundum
350 2439 399 2500 est
417 2440 596 2520 propterea,
615 2438 690 2519 quia
708 2438 860 2502 tutiorem
878 2439 980 2502 vitam
999 2441 1032 2503 et
1052 2441 1178 2524 volup·-

157 2529 262 2590 tatum
298 2525 477 2609 pleniorem
514 2521 621 2589 efficit.
678 2524 792 2610 Iaque
822 2547 888 2590 non
921 2525 962 2589 ob
991 2548 1030 2590 ea
1060 2528 1167 2592 solum

157 2612 374 2694 incommoda,
402 2633 484 2694 quae
512 2613 665 2677 eveniunt
691 2613 862 2696 improbis,
892 2613 1080 2698 fugiendam
1107 2616 1168 2680 im·

157 2701 353 2784 probitatem
380 2702 547 2782 putamus,
575 2699 630 2764 sed
656 2701 760 2765 multo
789 2701 887 2765 etiam
919 2702 1038 2786 magis,
1073 2704 1167 2788 quod,

158 2788 247 2852 cuius
265 2793 300 2850 in
318 2787 426 2850 animo
447 2790 600 2866 versatur,
619 2789 892 2871 numquam¹sinie
906 2812 978 2854 eum
997 2792 1168 2874 respirare,

105 2894 140 2943 54
158 2896 333 2958 numquam
365 2875 573 2958 acquiescere.
629 2875 750 2952 Quodsi
786 2898 827 2940 ne
859 2877 1003 2960 ipsarum
1036 2880 1168 2963 quidem

157 2962 314 3027 virtutum
335 2962 421 3044 laus,
444 2963 478 3027 in
500 2985 564 3046 qua
586 2964 724 3028 maxime
748 2968 927 3029 ceterorum
954 2965 1168 3051 philosopho-

157 3073 230 3114 rum
253 3050 395 3114 exsultat
412 3050 529 3129 oratio,
552 3051 692 3134 reperire
713 3052 833 3116 exitum
857 3056 979 3136 potest,
1000 3053 1067 3118 nisi
1089 3055 1169 3119 deri·

158 3142 255 3220 gutur
282 3137 322 3201 ad
349 3137 565 3221 voluptatem,
592 3139 741 3222 voluptas
770 3144 877 3204 autem
900 3143 951 3205 est
972 3142 1058 3226 sola,
1086 3164 1169 3227 quae

157 3247 216 3289 nos
241 3229 334 3290 vocet
357 3224 397 3288 ad
421 3247 454 3289 se
479 3228 512 3289 et
534 3226 657 3291 alliciat
679 3229 792 3310 suapte
814 3231 944 3312 natura,
966 3250 1033 3293 non
1058 3233 1169 3314 potest

158 3332 227 3375 esse
256 3311 402 3396 dubium,
430 3312 508 3397 quin
538 3314 573 3377 id
601 3315 644 3378 sit
676 3336 837 3379 summum
865 3319 961 3400 atquo
989 3320 1170 3384 extremum

157 3398 316 3464 bonomm
340 3401 497 3484 omnium,
519 3400 675 3487 beateque
697 3403 804 3467 vivero
826 3403 910 3467 nihil
933 3403 1022 3469 aliud
1040 3403 1171 3472 sitnisi

157 3504 228 3549 oum
250 3488 416 3571 uoluptate
439 3490 555 3554 vivere.

61 3560 175 3704 Ἰ.
