2446 3944
110 1593 144 1642 42

544 189 784 254 -518-

165 351 347 433 voluptates
375 348 505 413 effluere
532 349 678 433 patiatur
705 371 877 434 earumque
909 350 1042 415 assidua
1072 373 1178 417 reoor·

165 437 296 503 datione
313 437 465 520 laetetur,
482 436 558 522 quid
576 441 640 521 est,
658 436 743 521 quod
760 437 824 502 huo
841 438 961 521 possit,
978 460 1043 522 quo
1061 440 1176 504 melius

165 526 222 608 sit,
245 524 415 590 aooodero'?
452 524 563 589 Statue
582 529 697 590 eontra
714 525 854 609 aliquem
872 525 1058 591 confectum
1075 528 1177 592 tantis

165 612 265 677 animi
279 614 488 697 corporisque
502 613 677 697 doloribus,
691 614 803 697 quanti
817 614 1032 679 inhominem
1043 616 1177 680 maximi

165 701 278 765 eadere
310 704 462 785 possunt,
490 701 581 765 nulla
608 722 665 785 spe
691 702 860 784 proposita
885 701 954 767 fore
981 702 1089 767 levius
1121 704 1177 768 ali·

164 789 301 872 quando,
317 788 410 853 nulla
426 792 594 871 praeterea
610 810 713 873 neque
731 789 894 872 praesenti
911 811 971 855 neo
988 794 1177 874 exspectata

164 877 345 959 voluptate,
378 876 456 960 quid
488 898 526 942 eo
558 876 707 941 miserius
739 877 803 942 diei
837 880 894 942 aut
923 878 1006 963 fingi
1043 878 1176 961 potest?

165 963 287 1040 Quodsi
312 964 382 1028 vita
416 964 582 1029 doloribus
609 964 731 1028 referta
758 965 898 1029 maxime
928 965 1088 1051 fugienda
1121 971 1175 1050 est,

164 1073 325 1117 summurn
347 1053 493 1135 profecto
517 1053 639 1116 malum
667 1056 717 1116 est
738 1052 846 1116 rivere
867 1074 942 1117 oum
970 1052 1099 1140 dolore3
1126 1055 1175 1119 oui

164 1140 344 1204 sententiae
371 1143 620 1204 consentaneum
651 1142 702 1204 est
732 1140 884 1205 ultimum
911 1162 982 1206 esse
1014 1141 1174 1209 bonorum

163 1249 238 1293 oum
260 1227 427 1310 voluptate
449 1228 564 1292 vivere.
613 1225 682 1292 Neo
710 1228 795 1291 enim
824 1228 924 1292 habet
945 1231 1062 1294 nostra
1086 1251 1173 1294 mens

164 1316 347 1399 quicquam,
375 1314 432 1379 ubi
453 1315 612 1380 consistat
628 1319 796 1399 tamquam
814 1316 849 1379 in
867 1319 1011 1380 extremo
1016 1366 1026 1401 ,
1050 1338 1174 1383 omnes-

164 1425 225 1486 que
248 1406 281 1466 et
304 1407 409 1467 metus
437 1406 470 1467 et
497 1402 715 1487 aegritudines
743 1401 784 1467 ad
814 1403 958 1469 dolorem
979 1404 1173 1490 referuntur,

163 1512 222 1555 neo
244 1496 412 1574 praeterea
434 1494 484 1563 est
505 1512 557 1555 res
580 1491 663 1574 ulla,
685 1512 767 1574 quae
790 1512 849 1556 sua
866 1494 984 1557 natura
1008 1497 1068 1558 aut
1090 1495 1173 1560 solli-

164 1579 263 1644 citare
290 1579 394 1662 possit
421 1581 479 1642 aut
505 1599 633 1663 angere.
681 1578 855 1643 Praeterea
881 1582 915 1643 et
943 1582 1123 1664 appetendi
1144 1585 1174 1647 et

163 1665 342 1750 refugiendi
374 1669 407 1730 et
438 1666 568 1731 omnino
596 1688 702 1731 rerum
730 1667 945 1750 gerendarum
972 1668 1071 1734 initia
1104 1691 1173 1753 pro·

163 1755 348 1820 fioisountur
376 1757 432 1819 aut
455 1777 474 1819 a
496 1755 661 1837 voluptate
690 1758 746 1819 aut
774 1777 794 1819 a
821 1754 939 1820 dolore.
984 1754 1082 1832 Quod
1105 1779 1174 1823 oum

163 1843 211 1907 ita
233 1843 289 1920 sit,
311 1843 516 1926 perspicuum
539 1845 590 1907 est
612 1842 716 1907 omnis
744 1845 851 1907 rectas
871 1864 922 1906 res
942 1846 1042 1927 atque
1064 1844 1172 1910 lauda·

162 1929 238 1994 bilis
269 1950 307 1994 eo
329 1930 455 2009 referri,
485 1933 522 1994 ut
544 1952 618 1994 cum
640 1931 807 2013 voluptate
830 1930 966 1995 vivatur.
1013 1931 1174 2008 Quoniam

163 2020 270 2081 autem
293 2017 327 2080 id
350 2022 400 2082 est
422 2018 473 2082 vel
497 2039 655 2081 summum
673 2019 724 2082 vel
747 2017 899 2081 ultimum
921 2018 974 2082 vel
992 2023 1174 2086 extremum

162 2106 320 2169 bonorum
345 2102 444 2189 (quod
471 2103 586 2170 Graeci
612 2103 705 2181 τέλος
731 2103 926 2192 nominant),
954 2107 1043 2189 quod
1068 2109 1174 2192 ipsum

161 2192 285 2257 nullam
317 2191 357 2256 ad
389 2192 486 2257 aliam
517 2214 601 2275 rem,
634 2194 675 2257 ad
706 2193 739 2256 id
767 2197 873 2257 autem
905 2214 957 2257 res
988 2194 1175 2262 referuntur

162 2301 287 2362 omnes,
317 2279 485 2344 fatendum
517 2283 566 2344 est
598 2301 759 2345 summum
790 2302 859 2345 esse
886 2280 1009 2346 bonum
1038 2284 1174 2350 iuounde

162 2390 279 2432 nuere.

111 2463 152 2527 13
171 2507 172 2511 ,
228 2456 266 2520 Id
289 2455 343 2540 qui
366 2456 401 2521 in
418 2478 482 2519 una
500 2456 618 2521 virtute
636 2459 761 2539 ponunt
781 2459 814 2520 et
837 2456 1008 2539 splendore
1031 2459 1173 2524 nominis

162 2543 263 2627 eapti,
290 2543 366 2627 quid
393 2547 510 2608 natura
542 2545 698 2628 postulet,
726 2566 792 2609 non
823 2544 1033 2629 intellegunt,
1067 2568 1173 2613 errore

161 2632 316 2714 maximo,
345 2631 372 2695 si
395 2631 572 2714 Epicurum
599 2631 708 2695 audire
737 2632 911 2716 voluerint,
936 2633 1172 2700 liberabuntur.

160 2718 248 2784 Istae
276 2719 360 2782 enim
388 2722 514 2784 vestrae
542 2720 676 2784 eximiae
703 2719 919 2802 pulchraeque
946 2720 1089 2787 virtutes
1113 2722 1171 2787 nisi

160 2807 362 2890 voluptatem
385 2807 560 2889 efficerent,
587 2808 657 2891 quis
682 2829 736 2871 eas
760 2810 817 2871 aut
838 2807 1014 2872 laudabilis
1040 2813 1100 2874 aut
1123 2832 1171 2875 ex·

159 2894 315 2978 petendas
339 2894 574 2959 arbitraretur?
610 2894 656 2959 Ut
675 2895 762 2958 enim
779 2895 977 2959 medicorum
1001 2897 1170 2963 seientiam

159 3004 226 3047 non
248 2981 350 3066 ipsius
375 2983 467 3065 artis,
495 2983 550 3047 sed
577 2983 681 3048 bonae
709 2983 900 3047 valetudinis
929 3004 1031 3048 eausa
1055 2986 1169 3068 proba·

160 3093 241 3154 mus,
260 3074 293 3134 et
310 3070 536 3154 gubernatoris
552 3092 614 3153 ars,
633 3071 709 3155 quia
722 3070 803 3136 bene
817 3071 991 3155 navigandi
1010 3073 1170 3139 rationem

159 3158 273 3242 habet,
295 3158 450 3241 utilitate,
469 3181 536 3223 non
557 3162 627 3223 arte
645 3158 811 3242 laudatur,
834 3158 880 3223 sie
898 3158 1072 3245 sapientia,
1092 3181 1169 3245 quae

160 3267 212 3309 ars
243 3246 370 3311 vivendi
402 3248 546 3328 putanda
578 3250 641 3330 est,
676 3267 744 3310 non
776 3250 990 3330 expeteretur,
1028 3248 1059 3312 si
1090 3248 1170 3312 nihil

160 3332 313 3418 efficeret3
345 3355 431 3400 nuno
458 3335 633 3418 expetitur,
665 3334 750 3417 quod
778 3337 828 3398 est
854 3337 1024 3418 tamquam
1056 3335 1170 3401 artifex

161 3421 394 3504 conquirendae
408 3425 441 3487 et
455 3422 689 3506 comparandae
703 3422 890 3505 voluptatis.
923 3419 1046 3507 (Quam
1063 3429 1170 3489 autem

158 3527 219 3593 ego
247 3508 352 3574 dioam
378 3509 593 3595 voluptatem,
616 3511 683 3575 iam
705 3510 836 3595 videtis,
863 3531 904 3575 ne
927 3510 1053 3576 invidia
1081 3511 1171 3579 verbi

69 3440 160 3712 ᾗ,
