2446 3944
463 201 704 268 -315-

77 359 207 445 quidem
230 358 338 424 deleta
361 362 420 444 ert,
441 364 512 425 tum
535 360 681 444 florebat,
703 360 862 425 institutis
881 364 914 425 et
931 382 1080 445 praecep

75 448 120 513 tis
149 448 216 511 suis
245 447 443 531 erudierunt,
482 448 535 512 vel
558 448 640 526 eius,
669 448 725 531 qni
751 447 916 533 Apollinis
948 448 1078 514 oraculo

77 535 337 619 sapientissimus
361 539 411 599 est
433 535 606 619 iudicatus,
629 535 718 620 †qui
739 557 806 600 non
823 539 894 600 tum
911 535 985 618 hoc,
1008 539 1079 600 tum

75 623 167 708 illud,
190 623 284 688 utin
305 623 477 724 plerisque,
499 623 658 688 sedidem
677 645 811 708 semper,
834 623 959 689 animos
977 623 1079 688 homi-

74 733 153 776 num
176 731 246 776 esse
248 710 448 812 ⁰divinos,'
427 733 539 796 usque,
557 733 630 777 cum
648 733 687 776 ex
706 733 839 795 corpore
858 711 1079 795 excessissent,

74 798 158 863 redit
143 801 215 862 tum
245 798 284 862 in
315 799 440 863 caelum
467 802 592 884 patere,
625 799 811 883 optimoque
840 802 872 863 et
898 799 1077 864 iustissimo

74 886 189 969 cuique
207 885 491 970 expeditissimum.
527 884 619 962 Quod
636 887 730 950 idem
740 884 882 970 Scipioni
899 887 1079 971 videbatur,
1098 900 1131 950 14

75 973 132 1057 qui
155 972 291 1057 quidem,
314 974 408 1056 quasi
425 975 635 1060 praesagiret,
658 975 827 1059 perpaucis
846 977 921 1039 ante
939 979 1078 1040 mortem

77 1060 198 1144 diebus,
221 1082 293 1127 cum
316 1064 349 1125 et
370 1060 485 1126 Philus
508 1065 541 1126 ιι
563 1061 715 1127 Manilius
737 1061 864 1127 adesset
883 1062 990 1127 etalii
1008 1063 1079 1147 plu-

74 1167 138 1233 res,
160 1152 260 1232 tuque
283 1149 395 1233 etiam,
418 1147 585 1232 Scaevola,
608 1171 733 1214 mecum
755 1149 913 1233 venisseS,
935 1150 1078 1215 triduum

76 1236 228 1301 disseruit
250 1235 289 1300 de
311 1258 346 1301 re
369 1236 511 1320 publica3
534 1236 623 1302 cuius
646 1237 874 1321 disputationis
894 1237 958 1301 fuit
976 1240 1078 1301 extre-

74 1346 164 1388 mum
181 1323 249 1388 fere
264 1323 303 1389 de
316 1324 552 1389 inmortalitate
566 1324 756 1407 animorum,
774 1346 904 1409 quaese
922 1325 956 1389 in
971 1324 1078 1408 quiete

74 1411 262 1496 pervisum
284 1433 323 1476 ex
345 1409 499 1477 Africano
523 1412 650 1476 audisse
674 1412 809 1477 dicebat.
847 1411 886 1476 Id
908 1412 936 1476 si
953 1413 1002 1477 ita
1020 1415 1079 1497 est,

74 1502 113 1563 ut
136 1499 261 1582 optumi
283 1498 435 1582 cuiusque
458 1499 584 1564 animus
606 1500 642 1563 in
667 1504 772 1565 morte
793 1500 949 1565 facillime
972 1499 1078 1565 evolet

75 1590 244 1670 tamquam
267 1609 284 1651 e
307 1586 453 1651 custodia
474 1587 652 1671 vinclisque
671 1588 825 1671 corporis,
842 1589 893 1652 cui
911 1609 1078 1653 censemus

76 1696 206 1740 cursum
225 1674 266 1738 ad
284 1674 360 1738 deos
378 1674 558 1739 faciliorem
575 1675 676 1740 fuisse
696 1696 793 1758 quam
807 1673 971 1760 Scipioni?
995 1673 1076 1751 Quo·

75 1762 161 1827 circa
182 1783 324 1826 maerere
346 1762 409 1827 hoc
431 1763 500 1827 eius
523 1766 640 1827 eventu
661 1785 775 1828 vereor
794 1785 834 1827 ne
852 1762 954 1830 invidi
972 1763 1077 1848 magis
1155 1791 1157 1795 ·

75 1871 175 1933 quam
196 1849 293 1914 amici
315 1849 366 1914 sit.
407 1848 466 1914 Sin
487 1854 595 1915 autem
618 1850 677 1915 illa
698 1851 839 1931 veriora,
865 1854 902 1915 ut
924 1850 1010 1915 idem
1032 1851 1078 1915 in-

74 1936 192 2000 teritus
220 1937 263 2000 sit
294 1937 475 2002 animorum
502 1942 535 2003 et
561 1959 733 2022 corporum
762 1960 821 2003 nec
851 1940 937 2003 ullus
965 1960 1077 2003 sensns

76 2028 219 2108 maneat,
251 2027 288 2088 ut
313 2025 395 2090 nihil
421 2025 500 2092 boni
527 2029 577 2090 est
603 2025 639 2089 in
664 2029 783 2109 morte,
810 2026 855 2091 sic
882 2030 968 2092 certe
995 2026 1078 2090 nihil

75 2111 169 2195 mali,
201 2133 297 2176 sensu
326 2113 412 2177 enirn
442 2113 561 2178 amisso
583 2114 622 2177 fit
648 2112 748 2195 idem,
779 2114 873 2197 quasi
893 2118 990 2179 natus
1012 2135 1079 2178 non

75 2202 163 2263 esset
186 2201 326 2278 omnine,
350 2222 445 2283 quem
467 2204 578 2266 tamen
595 2222 665 2266 esse
687 2204 800 2266 natum
824 2205 857 2266 et
878 2223 938 2266 nos
962 2202 1078 2286 gaude-

76 2308 149 2351 mus
172 2290 205 2351 ιι
227 2287 307 2352 hacc
329 2288 457 2367 civitas,
485 2289 561 2353 dum
584 2289 654 2372 en't,
676 2289 861 2353 lactabitur.
909 2288 1013 2364 Quam
1036 2290 1077 2354 ob
1099 2300 1130 2350 15

74 2395 146 2438 rem
164 2396 237 2438 cum
255 2375 313 2439 illo
333 2375 470 2460 quidem,
491 2380 528 2440 ut
543 2375 729 2460 supradixi,
753 2380 860 2442 actum
879 2377 1000 2461 optime
1019 2380 1079 2459 est,

76 2483 202 2527 mecum
224 2462 470 2546 incommodius,
501 2475 596 2548 quem
618 2463 725 2527 fuerat
747 2464 893 2547 aequius,
924 2467 961 2527 ut
988 2464 1078 2547 prius

75 2549 274 2633 introieram,
297 2551 342 2614 sic
364 2550 454 2634 prius
478 2550 564 2614 exire
587 2550 625 2613 de
647 2549 725 2614 vita.
757 2548 820 2614 Sed
841 2554 952 2614 tamen
975 2572 1079 2615 recor-

76 2636 207 2701 datione
229 2641 360 2702 nostrae
383 2637 545 2702 amicitiae
572 2636 618 2701 sic
643 2635 748 2720 fruor,
774 2641 812 2702 ut
838 2638 933 2702 beate
959 2637 1078 2702 vixisse

76 2724 197 2808 videar,
219 2724 295 2807 quia
317 2746 398 2789 cum.
412 2722 560 2808 Scipione
582 2723 726 2807 vixerim,
749 2745 886 2808 quocum
907 2724 988 2788 mihi
1005 2745 1078 2789 con-

74 2811 187 2877 iuncta
209 2833 286 2876 cura
309 2811 347 2876 de
369 2811 556 2911 publicare
579 2815 612 2875 ct
635 2811 673 2875 de
695 2811 824 2912 privata
845 2811 917 2889 fuit,
941 2832 1078 2894 quocum

76 2902 111 2964 et
134 2900 247 2964 domus
268 2898 371 2964 fuite
373 2898 505 2963 tmilit'
496 2921 529 2962 1a
551 2899 729 2963 communis
752 2902 797 2982 et,
829 2899 919 2963 idm
942 2919 1005 2981 quo
1029 2901 1078 2962 est

77 2986 182 3051 omnis
205 2986 255 3052 vis
283 2986 393 3052 amicit
395 2987 457 3065 iae,
488 2987 638 3087 voluntat
604 3008 745 3070 aum,s
731 2949 923 3071 studiorum,
953 2989 1078 3049 senten-

75 3074 198 3139 tiaram
228 3095 354 3139 summa
382 3073 559 3139 consensio.
603 3073 717 3158 Itaque
748 3096 814 3140 non
840 3078 908 3138 tam
935 3073 1000 3137 ista
1027 3095 1079 3138 me

77 3161 265 3246 sapientiae,
288 3184 386 3245 quam
408 3161 503 3227 modo
525 3160 667 3226 Fannius
691 3160 968 3244 commemoravit,
989 3160 1079 3226 fama

76 3251 231 3333 delectat,
260 3249 345 3314 falsa
371 3249 575 3335 praesertim,
602 3271 700 3333 quam
723 3249 808 3333 quod
835 3249 995 3314 amicitiae
1022 3272 1079 3313 nc·

76 3341 165 3401 strae
179 3337 367 3401 memoriam
382 3359 476 3422 spero
491 3337 721 3422 sempiternam
733 3338 812 3421 fore,
829 3337 925 3420 idque
944 3358 981 3400 eo
999 3337 1080 3401 mihi

75 3424 182 3509 magis
206 3427 256 3488 cst
278 3425 379 3507 cordi,
411 3424 497 3508 quod
524 3447 562 3490 ex
590 3425 738 3490 omnibus
767 3425 903 3490 saeculis
930 3424 984 3490 vix
1015 3425 1080 3489 tria

76 3515 135 3577 aut
158 3515 312 3596 quattuor
333 3512 542 3577 nominantur
563 3513 656 3598 paria
677 3514 869 3598 amicorum,
892 3534 955 3596 qno
974 3512 1009 3576 in
1028 3533 1081 3597 ge-
1133 3530 1135 3535 ·
