2446 3944
535 181 775 246 ...442-

154 344 303 423 fluenter,
326 341 487 423 absolute,
504 361 672 424 prospere,
689 340 789 424 igitur
806 340 909 404 beate.
947 339 1038 406 Satis
1060 344 1171 408 autem

154 430 257 494 virtus
285 427 325 492 ad
351 428 479 493 fortiter
505 429 676 492 vivendum
702 430 824 511 potest,
852 427 932 492 satis
962 449 1044 514 ergo
1070 431 1176 495 etiam·

102 530 137 580 54
156 518 196 582 ad
217 516 320 581 beate.
370 516 500 580 Etenim
523 519 559 581 ut
581 515 733 598 stultitia,
761 511 823 580 et'si
846 515 962 599 adepta
985 520 1053 602 est,
1083 518 1169 602 quod

155 604 346 687 concupivit,
362 625 539 688 numquam
558 625 592 667 se
609 607 720 668 tamen
738 603 818 667 satis
832 607 1043 669 consecutam
1061 610 1168 689 putat,

156 695 202 757 sie
221 692 381 775 sapientia
395 713 520 776 semper
534 712 571 755 eo
587 695 739 756 contenta
758 694 816 774 est,
835 691 919 774 quod
939 692 1043 776 adest,
1062 715 1167 778 neque

156 803 228 845 eam
250 801 402 864 umquam
425 780 475 843 sui
498 779 651 863 paenitet.

107 873 146 942 19
223 866 407 932 Similemne
424 870 519 951 putas
539 864 573 931 C.
592 865 694 931 Laelii
711 888 811 930 unum
830 866 1037 931 consulatum
1055 868 1166 952 fuisse,

155 959 279 1021 etcum
302 954 430 1039 quidem
449 976 522 1018 oum
539 955 669 1037 repulsa
686 951 742 1039 (si,
766 975 838 1018 cum
857 953 985 1036 sapiens
1005 958 1040 1019 et
1059 957 1164 1022 bonus

154 1045 216 1126 vir,
240 1043 342 1127 qualis
364 1043 421 1106 ille
443 1043 518 1125 fuit,
545 1041 706 1126 suffragiis
731 1041 938 1124 praeteritur,
965 1063 1035 1107 non
1063 1066 1164 1128 popu·

154 1133 204 1197 lus
229 1133 263 1210 [a
290 1131 373 1195 bono
402 1130 545 1210 consule]
573 1129 683 1212 potius
713 1151 810 1212 quam
841 1129 896 1193 ille
930 1131 964 1209 [a
990 1130 1082 1196 bono
1109 1155 1164 1216 po·

154 1219 244 1303 pulo]
272 1219 434 1301 repulsam
461 1213 538 1302 fert)
561 1253 605 1264 -
632 1216 688 1281 sed
710 1220 820 1281 tamen
841 1221 951 1280 utrum
978 1219 1099 1285 malles
1123 1223 1162 1302 te,

156 1308 184 1372 si
206 1308 349 1390 potestas
377 1309 474 1388 esset,
502 1306 601 1369 semel
627 1307 663 1368 ut
688 1303 835 1368 Laelium
863 1305 1029 1369 consulem
1060 1329 1103 1371 an
1129 1312 1163 1372 ut

103 1406 136 1457 55
156 1392 294 1460 Cinnam
321 1392 456 1476 quater?
509 1390 585 1457 Non
612 1391 738 1475 dubito,
770 1395 806 1455 tu
838 1391 914 1475 quid
945 1413 1161 1477 responsurus

156 1482 215 1565 sis,
239 1482 347 1564 itaque
370 1480 476 1558 video,
507 1481 557 1544 cui
580 1479 790 1545 committam.
834 1478 909 1544 Non
931 1483 1081 1563 quemvis
1103 1483 1161 1548 hoo

154 1570 240 1634 idem
263 1569 510 1652 interrogarem,
533 1567 741 1651 responderet
759 1567 844 1631 enim
864 1566 946 1632 alius
964 1567 1109 1636 fortasse
1130 1592 1160 1634 se

154 1679 221 1722 non
252 1656 348 1721 modo
378 1659 530 1740 quattuor
561 1656 747 1720 consulatus
779 1655 835 1719 uni
866 1659 1077 1740 anteponere,
1109 1657 1162 1722 sed

154 1767 254 1810 unum
286 1744 371 1807 diem
403 1741 525 1808 Cinnae
557 1743 733 1807 multorum
764 1745 798 1807 et
824 1743 987 1807 clarorum
1020 1745 1161 1812 virorum

67 1837 72 1845 ’
154 1833 234 1897 totis
266 1831 434 1895 aetatibus.
492 1829 620 1894 Laelius
657 1830 686 1894 si
718 1830 819 1914 digito
857 1852 952 1915 quem
989 1833 1160 1918 attigisset

154 1941 275 2002 poenas
303 1917 458 2000 dedisset3
487 1921 521 1981 at
543 1916 646 1983 Cinna
673 1918 815 2002 collegae
842 1918 905 2001 sui,
935 1921 1080 1985 consulis
1108 1919 1160 1986 Cn.

110 2070 119 2082 ἢ
156 2005 294 2088 Octavii,
316 2005 459 2089 praecidi
483 2009 578 2089 caput
600 2006 707 2088 iussit,
734 2004 768 2070 P.
791 2003 915 2089 Crassi,
941 2005 977 2069 L.
1004 2005 1160 2090 Caesaris,

154 2093 427 2158 nobilissimorum
450 2092 627 2176 hominum,
647 2115 791 2177 quorum
813 2094 917 2158 virtus
944 2093 1054 2159 fuerat
1078 2096 1159 2162 domi

155 2181 352 2264 militiaeque
389 2180 532 2264 cognita,
573 2179 616 2244 M.
647 2180 795 2258 Antonii,
832 2181 976 2245 omnium
1014 2184 1161 2268 eloquen-

155 2268 289 2351 tissimi,
312 2289 391 2351 quos
415 2287 475 2352 ego
499 2268 668 2351 audierim,
691 2266 725 2332 C.
749 2267 908 2349 Caesaris,
933 2269 968 2332 in
991 2291 1059 2354 quo
1079 2271 1160 2336 mihi

154 2356 280 2420 videtur
303 2355 465 2439 specimen
486 2355 586 2421 fuisse
607 2356 833 2434 humanitatis,
861 2356 952 2438 salis,
981 2358 1161 2440 suavitatis,

155 2443 283 2527 leporis.
335 2442 498 2507 Beatusne
524 2444 636 2528 igitur,
667 2445 722 2528 qui
752 2443 811 2507 hos
841 2443 1026 2508 interfecit?
1080 2445 1160 2510 Mihi

155 2535 269 2597 contra
286 2553 352 2596 non
371 2531 475 2596 solum
495 2553 532 2595 eo
550 2532 676 2596 videtur
695 2532 804 2614 miser,
827 2531 912 2613 quod
931 2553 969 2596 ea
993 2531 1084 2616 feeit,
1108 2532 1162 2598 sed

156 2620 253 2684 etiam
277 2619 361 2703 quod
384 2619 431 2683 ita
450 2641 483 2683 se
507 2620 621 2704 gessit,
643 2624 680 2683 ut
698 2641 735 2682 ea
752 2618 857 2682 facere
877 2620 906 2682 ei
923 2619 1051 2685 liceret.
1090 2621 1161 2686 Etsi

155 2729 286 2790 peccare
309 2707 431 2771 nemini
452 2707 542 2789 licet,
566 2707 627 2771 sed
640 2707 796 2771 sermonis
820 2728 926 2770 errore
948 2706 1106 2792 labimur3
1129 2709 1161 2773 id

102 2816 136 2866 so
156 2796 242 2860 enim
264 2795 360 2859 licere
384 2794 530 2876 dicimus,
561 2793 645 2878 quod
668 2795 781 2877 cuique
804 2794 998 2860 conceditur.
1043 2795 1161 2861 Utrum

155 2883 284 2947 tandem
303 2881 429 2946 beatior
443 2878 477 2944 C.
491 2881 611 2946 Marius
626 2886 704 2964 tum,
723 2903 794 2946 cum
810 2878 989 2946 Cimbricae
1006 2882 1161 2949 victoriae

154 2970 291 3055 gloriam
327 2990 399 3034 cum
444 2969 567 3054 collega
603 2967 719 3034 Catulo
756 2969 1017 3054 communicavit,
1059 2993 1161 3055 paene

155 3059 257 3122 altero
288 3056 397 3121 Laelio
430 3054 519 3142 (nam
550 3057 635 3123 hunc
667 3058 716 3121 illi
746 3057 825 3121 duco
858 3057 1089 3144 simillimum),
1122 3083 1162 3125 an

155 3168 228 3211 oum
255 3145 342 3210 civili
370 3144 456 3210 bello
485 3146 588 3210 victor
615 3146 717 3209 iratus
748 3145 937 3211 necessariis
969 3143 1081 3211 Catuli
1111 3148 1161 3212 de-

154 3234 360 3316 precantibus
378 3251 445 3297 non
463 3233 561 3296 semel
584 3233 762 3316 respondit,
786 3233 840 3298 sed
865 3254 972 3316 saepe:
1003 3231 1161 3300 ‘Moria-

154 3319 255 3383 tur'?
308 3320 347 3384 In
377 3341 440 3404 quo
470 3320 596 3385 beatior
625 3321 693 3404 illc,
726 3321 782 3405 qui
810 3320 1058 3386 huio⁵⁸nefariae
1090 3323 1162 3388 voci

153 3408 277 3490 paruit,
305 3430 401 3491 quam
427 3409 468 3491 is,
495 3408 550 3492 qui
571 3412 639 3472 tam
668 3410 820 3473 scelerate
847 3409 1028 3491 imperavit.
1074 3409 1161 3476 Nam

72 3515 226 3730 wcum
263 3496 405 3578 accipere
444 3517 540 3580 quam
571 3496 676 3561 faeere
708 3498 853 3580 praestat
873 3495 1055 3582 iniuriam,
1091 3502 1162 3563 tum
