2446 3944
548 175 789 241 -238—

161 350 303 436 quidem,
326 348 469 413 sednon
493 347 574 412 satis
597 347 697 430 acuti,
719 347 830 412 fictam
853 349 886 412 et
904 348 1174 416 commenticiam

159 438 305 502 fabulam
328 436 491 521 prolatam
514 436 624 500 dicunt
647 457 667 499 a
688 434 841 518 Platone,
873 435 966 519 quasi
997 457 1076 501 uero
1110 435 1174 503 ille

160 530 217 590 aut
239 525 362 591 factum
384 525 418 588 id
440 545 511 588 esse
534 527 591 588 aut
612 522 684 588 fieri
705 523 850 607 potuisse
874 523 1039 588 defendat!
1076 523 1173 592 Haec

161 617 210 678 est
233 614 282 678 vis
305 612 400 679 huius
424 612 513 677 anuli
536 615 569 676 et
590 611 686 676 huius
710 610 862 695 exempli:
890 611 919 675 01
945 633 1040 676 nemo
1070 613 1173 679 scitu-

160 723 228 784 rus,
256 722 350 766 00100
378 723 418 765 ne
446 700 667 784 suspicaturus
696 699 824 782 quidem
852 698 908 782 sit,
939 722 1011 763 cum
1041 700 1172 785 aliquid

127 844 130 848 ,
160 789 355 873 divitiarum,
377 789 552 873 potentiae,
576 787 814 870 dominationis,
837 787 980 851 libidinis
1004 809 1103 853 causa
1123 789 1172 854 fe

160 878 256 960 ceris,
292 877 321 941 si
351 876 385 940 id
417 877 467 940 dis
500 875 748 958 hominibusque
784 875 930 940 futurum
963 875 1006 939 sit
1039 897 1173 961 semper

160 966 322 1051 ignotum,
346 964 432 1029 sisne
453 964 608 1030 facturus.
653 961 785 1048 Negant
807 963 841 1026 id
862 963 934 1027 fieri
955 984 1062 1048 posse.
1103 963 1172 1030 Ne

96 1064 99 1070 '
161 1076 323 1138 quaquam
344 1055 455 1138 potest
476 1053 511 1117 id
533 1052 676 1136 quidem;
699 1051 755 1115 sed
778 1073 911 1134 quaero,
935 1051 1021 1134 quod
1042 1057 1172 1138 negant

159 1163 269 1226 posse,
296 1141 329 1205 id
357 1140 386 1205 si
412 1144 537 1225 posset,
564 1140 718 1223 quidnam
743 1138 895 1204 facerent.
940 1137 1092 1224 Urguent
1114 1163 1170 1206 ru-

161 1231 240 1294 stice
264 1251 353 1312 sane,
375 1232 498 1314 negant
521 1227 606 1292 enim
629 1249 725 1312 posse
748 1232 781 1291 et
802 1229 837 1290 in
861 1249 898 1291 00
917 1231 1081 1311 perstant,
1103 1229 1171 1295 hoo

160 1318 293 1383 verbum
323 1316 400 1400 quid
426 1317 547 1399 valeat,
574 1338 640 1381 non
662 1315 781 1380 vident.
826 1313 909 1379 Cum
932 1316 1017 1379 enim
1041 1317 1170 1400 quaeri-

160 1427 245 1489 mus,
269 1406 297 1469 si
320 1405 424 1469 celare
446 1405 586 1489 possint,
610 1404 686 1487 quid
708 1403 826 1470 facturi
849 1403 928 1486 sint,
955 1425 1021 1467 non
1041 1405 1171 1488 quaeri·

161 1515 245 1577 mus,
272 1492 440 1577 possintne
468 1493 586 1574 celare,
613 1492 669 1556 sed
691 1495 860 1574 tamquam
882 1495 1048 1556 tormenta
1070 1509 1184 1576 quaa

160 1582 234 1646 dam
254 1581 457 1665 adhibemus,
476 1584 525 1664 ut,
549 1580 578 1644 si
595 1580 820 1664 responderint
838 1601 872 1643 se
890 1578 1074 1664 inpunitate
1092 1602 1169 1665 pro-

158 1671 268 1755 posita
294 1669 452 1751 facturos,
485 1669 570 1751 quod
602 1667 763 1751 expediat,
794 1667 994 1732 facinorosos
1027 1689 1062 1732 00
1095 1690 1170 1735 0000

159 1759 333 1839 fateantur,
353 1757 381 1819 si
398 1761 531 1842 negent,
546 1756 655 1820 omnia
672 1755 781 1840 turpia
799 1776 857 1839 per
872 1777 906 1819 se
924 1755 996 1842 ipsa
1009 1756 1169 1841 fugienda

160 1867 230 1910 esse
253 1844 436 1909 concedant.
482 1841 544 1908 Sed
571 1844 637 1908 iam
664 1844 704 1908 ad
726 1843 931 1927 propositum
953 1849 1168 1912 revertamur.

109 1917 151 1979 10
226 1930 377 1996 Incidunt
409 1933 531 1996 multae
563 1953 658 2015 saepe
688 1953 816 2014 causae,
855 1953 937 2015 quae
969 1934 1169 1998 conturbent

160 2021 286 2086 animos
308 2019 462 2084 utilitatis
486 2019 604 2104 specie,
626 2040 693 2083 non
716 2019 868 2084 0011111οο
888 2020 1094 2106 deliberetur,
1117 2043 1167 2086 re-

159 2107 374 2192 linquendane
409 2108 452 2171 sit
478 2106 632 2171 honestas
659 2110 793 2191 propter
820 2106 973 2171 utilitatis
1001 2109 1167 2194 magnitu-

160 2196 267 2261 dinem
291 2193 380 2280 (nam
403 2195 437 2258 id
455 2195 583 2279 quidem
601 2194 785 2279 improbum
804 2194 879 2280 001),
903 2195 958 2259 sed
976 2195 1067 2280 illud,
1091 2218 1167 2280 pos-

159 2285 243 2349 sitne
266 2284 307 2366 id,
331 2282 417 2367 quod
439 2284 519 2347 utile
541 2282 697 2365 videatur,
719 2282 790 2346 fieri
812 2305 878 2347 non
899 2283 1048 2367 turpiter.
1080 2281 1166 2350 Cum

159 2372 322 2439 Collatino
350 2371 495 2456 collegae
517 2369 638 2434 Brutus
665 2370 837 2455 imperium
860 2372 1055 2456 abrogabat,
1073 2376 1166 2456 pote-

158 2465 211 2526 rat
238 2459 339 2523 videri
365 2458 471 2523 facere
497 2459 531 2523 id
558 2459 689 2543 iniuste;
716 2458 823 2523 fuerat
855 2459 940 2541 enim
967 2459 1002 2522 in
1028 2460 1163 2545 regibus

159 2547 355 2633 expellendis
379 2547 484 2612 socius
507 2545 602 2611 Bruti
624 2547 832 2612 consiliorum
855 2550 889 2611 et
906 2545 1044 2611 adiutor.
1080 2546 1165 2613 (lum

158 2640 266 2701 autem
290 2635 461 2700 consilium
478 2635 541 2699 hoc
557 2635 718 2720 principes
738 2634 915 2718 cepissent,
934 2635 1165 2720 cognationem

158 2722 296 2809 Superbi
319 2745 499 2808 nomenque
522 2722 771 2807 Tarquiniorum
799 2725 832 2786 et
855 2723 1046 2788 memoriam
1069 2725 1165 2810 regni

81 2885 83 2888 y
158 2835 227 2878 esse
250 2812 441 2895 tollendam,
465 2811 551 2896 quod
574 2814 644 2875 erat
665 2810 759 2891 utile,
782 2809 908 2894 patriae
931 2812 1107 2896 consulere,
1130 2812 1164 2876 id

158 2904 228 2966 erat
255 2901 303 2966 110
329 2901 515 2977 honestum,
546 2903 583 2964 ut
616 2899 714 2963 etiam
746 2899 810 2983 ipsi
837 2897 1001 2964 Collatino
1034 2901 1163 2983 placere

157 2990 297 3054 deberet.
341 2988 456 3072 Itaque
487 2988 614 3052 utilitas
646 2987 751 3052 ualuit
782 2990 915 3071 propter
947 2987 1164 3072 honestatem,

157 3078 226 3141 sine
250 3098 313 3159 qua
334 3098 375 3140 ue
398 3076 525 3141 utilitas
549 3075 677 3159 quidem
701 3096 770 3140 esse
792 3075 962 3159 potuisset.
998 3074 1045 3138 At
1067 3076 1102 3139 in
1125 3097 1163 3140 00

103 3181 136 3230 41
157 3185 246 3248 rege,
279 3164 335 3247 qui
365 3165 478 3228 urbem
510 3162 665 3248 condidit,
696 3185 763 3226 non
792 3162 886 3245 item,
918 3163 1041 3248 species
1077 3163 1163 3228 enim

156 3252 311 3316 utilitatis
339 3252 482 3316 animum
509 3252 635 3336 pepulit
658 3252 740 3334 eius,
767 3250 818 3316 cui
845 3273 918 3315 oum
945 3251 1052 3315 visum
1076 3254 1162 3316 esset

155 3339 268 3403 utilius
292 3339 398 3404 solum
427 3362 524 3422 quam
551 3361 624 3405 cum
648 3340 750 3404 altero
773 3359 923 3424 regnare,
950 3338 1088 3404 fratrem
1115 3339 1161 3402 in·

155 3427 293 3491 teremit.
339 3425 456 3491 Omisit
478 3427 531 3492 hic
558 3431 591 3492 et
617 3428 772 3513 pietatem
796 3431 828 3490 et
850 3427 1102 3511 humanitatem,
1125 3430 1162 3492 01

85 3515 201 3712 Ιὶἀ,
229 3515 315 3599 quod
342 3515 422 3580 utile
452 3516 622 3582 videbatur
649 3537 753 3599 neque
777 3519 860 3599 erat,
887 3516 1016 3599 assequi
1038 3519 1161 3602 posset,
