2446 3944
550 171 786 237 ,404-

536 337 577 396 10
606 338 745 412 23-11,
765 337 816 395 25.
898 387 921 414 ,

232 439 402 519 1111111111
425 440 483 504 urb
507 383 693 520 11111ίηὶ1111
716 439 894 504 1111111111
917 438 1159 521 tetbeulltolteu.

224 616 363 683 Doloris
386 615 482 680 huius
500 615 602 700 igitur
625 614 718 698 origo
740 614 835 678 nobis
855 614 1051 697 explicanda
1072 619 1134 701 est,
1154 613 1183 679 id

166 708 217 769 est
244 726 342 769 causa
372 703 515 769 efficiens
548 701 781 786 aegritudinem
808 705 843 766 in
871 703 980 767 animo
1013 705 1182 788 tamquam
1222 771 1223 786 ,

166 794 423 877 aegrotationem
437 793 472 856 in
486 812 629 875 corpore.
670 790 755 856 Nam
769 794 806 855 ut
824 791 941 856 medici
956 812 1061 856 causa
1080 791 1182 857 morbi

170 882 303 947 inventa
317 881 518 946 curationem
533 901 603 944 esse
621 879 786 944 iuuentam
802 883 929 964 putant,
947 879 996 944 sio
1009 901 1075 945 nos
1090 901 1182 946 eausa

115 970 381 1124 11aegrlqtqdiniq
402 973 532 1053 reperta
550 966 699 1070 medendi
721 968 910 1070 facultatem
928 969 1144 1052 reperiemus.
1166 1057 1171 1070 Ι

318 1081 329 1122 1
383 1080 420 1122 ur
439 1079 536 1122 causa
551 1078 657 1122 omns
676 1079 744 1121 mo
769 1077 878 1121 m1one
906 1077 965 1120 neo
985 1078 1065 1122 uero
1085 1080 1125 1122 ae
1172 1092 1182 1102 ·
1222 1085 1223 1114 r

113 1131 148 1179 24
166 1081 289 1212 tudinis
314 1079 432 1230 adium,
460 1145 517 1210 sed
546 1079 645 1209 etianl
668 1079 1039 1228 reliqirarum'omnium
1064 1078 1182 1230 pertgdi*
1222 1161 1223 1180 ³

166 1237 346 1314 bationum,
371 1255 452 1319 quae
476 1236 552 1297 sunt
570 1253 688 1318 genere
707 1235 871 1317 quattuor,
893 1232 1048 1316 partibus
1067 1236 1180 1318 plures.

166 1323 253 1388 Nam
277 1346 349 1388 cum
374 1323 478 1388 omnis
506 1323 708 1405 perturbatio
732 1323 777 1385 sit
799 1321 899 1386 animi
926 1325 1037 1387 motus
1062 1324 1181 1388 11111-

167 1412 265 1477 tionis
290 1433 401 1496 expers
425 1410 477 1475 vel
499 1412 659 1475 rationem
688 1431 865 1494 aspernans
892 1409 946 1475 vel
973 1409 1101 1476 rationi
1123 1433 1181 1475 non

168 1501 357 1583 oboediens,
388 1499 479 1582 isque
511 1502 619 1564 motus
648 1502 705 1564 aut
732 1500 809 1563 boni
837 1501 894 1562 aut
922 1498 1001 1563 mali
1033 1500 1181 1583 opinione

168 1590 286 1653 citetur
316 1588 483 1671 bifariam,
515 1590 669 1673 quattuor
704 1587 967 1671 perturbationes
1004 1588 1181 1673 aequaliter

169 1676 363 1742 distributae
392 1680 476 1742 sunt.
521 1675 606 1740 Nam
636 1676 718 1740 duae
746 1679 822 1740 sunt
848 1697 887 1739 ex
915 1675 1074 1758 opinione
1102 1677 1180 1760 boni,
1218 1674 1222 1735 l

169 1787 306 1848 quarum
339 1766 454 1848 altera,
485 1765 670 1847 voluptas
699 1764 888 1847 gestiens,
915 1763 948 1827 id
977 1768 1029 1828 cst
1058 1770 1181 1849 praeter
1219 1814 1222 1821 -

169 1853 298 1917 modum
324 1853 410 1916 elata
433 1852 574 1936 laetitia,
604 1853 755 1936 opinione
782 1852 965 1937 praesentis
990 1855 1109 1939 magni
1131 1853 1180 1919 ali·
1222 1916 1223 1919 ,

169 1940 259 2005 cuius
282 1941 371 2019 boni,
395 1940 507 2024 altera,
530 1961 612 2023 quae
635 1945 686 2005 est
708 1941 911 2005 inmoderata
934 1940 1098 2024 adpetitio
1123 1942 1179 2027 opi·

168 2029 238 2092 nati
261 2029 373 2113 magni
396 2028 475 2093 boni
497 2028 619 2092 rationi
641 2048 709 2093 non
732 2030 973 2112 obtemperans,
1003 2031 1060 2095 vel
1085 2030 1180 2117 cupi·

116 2134 150 2183 25
170 2117 273 2181 ditas
296 2121 382 2180 recte
405 2117 456 2181 vel
485 2116 611 2181 libido
640 2117 703 2181 dici
730 2122 848 2202 potest.
893 2116 985 2202 Ergo
1012 2118 1099 2185 haec
1125 2121 1180 2184 duo

169 2224 298 2288 genera,
322 2204 473 2286 voluptas
496 2205 637 2288 gestiens
657 2209 690 2270 et
713 2205 824 2290 libido,
846 2206 1009 2270 bonorum
1033 2209 1180 2291 opinione

168 2294 357 2372 turbantur,
385 2295 422 2355 ut
449 2293 512 2357 duo
540 2294 674 2378 reliqua,
708 2299 814 2359 metus
843 2299 876 2358 et
904 2294 1093 2381 aegritudo,
1120 2317 1179 2361 ma·

169 2384 284 2446 lorum.
329 2379 414 2446 Nam
439 2385 472 2444 et
494 2385 617 2446 metus
642 2383 751 2466 opinio
774 2383 886 2469 magni
908 2382 987 2447 mali
1010 2383 1181 2467 inpenden-

169 2469 213 2534 tis
238 2473 271 2533 et
299 2470 502 2554 aegritudo
531 2474 581 2535 est
609 2471 719 2554 opinio
748 2473 857 2555 magni
884 2471 964 2535 mali
991 2473 1181 2554 praesentis,

170 2561 204 2622 et
227 2558 356 2642 quidem
384 2580 496 2623 recens
520 2559 629 2642 opinio
657 2559 734 2623 talis
762 2560 858 2644 mali,
880 2563 917 2623 ut
940 2560 975 2623 iu
999 2581 1038 2625 co
1063 2564 1181 2627 rectum

169 2647 317 2712 videatur
344 2669 414 2711 esse
443 2647 533 2731 angi,
560 2647 593 2710 id
622 2650 729 2712 autem
759 2650 822 2725 est,
850 2651 887 2711 ut
913 2648 955 2729 is,
984 2649 1041 2731 qui
1071 2650 1183 2731 dolcat,

170 2739 321 2819 oportere
341 2737 490 2820 opinetur
513 2747 549 2811 se
571 2735 688 2801 dolere.
724 2735 784 2799 His
804 2739 910 2800 autem
930 2737 1182 2819 perturbationi·

168 2825 247 2909 bus,
270 2845 350 2907 quas
374 2825 408 2886 in
430 2824 532 2888 vitam
554 2823 723 2888 hominurn
747 2824 888 2888 stultitia
911 2825 1005 2907 quasi
1029 2827 1183 2910 quasdam

169 2912 271 2976 furias
299 2911 437 2976 inmittit
464 2915 561 2995 atque
590 2911 721 2995 incitat,
754 2913 902 2977 omnibus
932 2911 1060 2979 viribus
1091 2921 1183 3000 atque

171 3000 286 3082 opibus
305 2999 551 3084 repugnandum
574 3004 632 3086 est,
656 3000 683 3065 11
701 3003 852 3066 volumus
869 3000 941 3085 hoc,
965 3002 1053 3086 quod
1075 3004 1183 3070 datum

170 3091 221 3151 est
243 3089 339 3172 11111,
362 3088 537 3172 tranquille
556 3088 743 3173 placideque
766 3090 943 3154 traducere.
990 3088 1055 3155 Sed
1081 3097 1183 3158 cetera

171 3176 265 3262 alias,
297 3198 382 3241 nunc
415 3176 663 3261 aegritudinem,
695 3179 724 3243 11
755 3200 942 3262 possumus,
975 3177 1183 3263 depellamus.

170 3261 207 3325 Id
231 3264 318 3328 enim
341 3265 385 3329 sit
408 3265 622 3348 propositum,
646 3266 906 3349 quandoquidem
929 3288 1001 3330 eam
1024 3273 1062 3332 tu
1087 3266 1184 3336 videri

171 3350 234 3413 tibi
256 3351 291 3415 in
311 3353 490 3435 sapientem
514 3354 626 3417 cadere
645 3353 766 3437 dixisti,
791 3355 877 3437 quod
896 3377 957 3440 ego
976 3356 1071 3421 nullo
1093 3356 1182 3423 modo

171 3438 331 3524 existim03
347 3443 456 3506 taetra
470 3442 556 3506 enim
574 3463 626 3507 res
642 3446 704 3525 est,
723 3445 851 3528 misera,
865 3442 1081 3530 detestabilis,
1101 3442 1182 3512 omni
1207 3448 1218 3471 ¹

60 3500 142 3719 Ἰ
170 3528 390 3614 contentione,
413 3530 509 3614 velis,
531 3533 568 3594 ut
590 3530 638 3594 111
660 3531 779 3617 dicam,
802 3531 964 3616 remisque
987 3531 1152 3618 fugienda
