2446 3944
467 180 707 246 -301-

84 349 267 416 animorum
295 347 512 431 disseruisset,
544 348 572 412 is
601 349 656 432 qui
682 351 769 414 esset
792 349 936 414 omniurn
965 351 1090 437 sapien-

84 437 231 502 tissimus
255 436 385 501 oraculo
403 435 569 521 Apollinis
588 436 757 501 iudicatus.
789 435 874 512 Quid
893 439 1019 503 multa?
1043 439 1090 505 sio

83 524 230 610 persuasi
253 523 348 607 mihi,
372 523 418 588 sio
440 524 559 608 sentio,
581 545 654 589 cum
676 528 771 589 tanta
793 525 942 590 celeritas
968 525 1089 591 animo-

83 635 157 678 rum
180 613 237 695 sit,
266 616 361 676 tanta
387 612 543 676 memoria
564 612 815 696 praeteritorum
841 612 1089 698 futurorumque

83 699 264 785 prudentia,
286 703 338 764 tot
357 703 453 783 artes,
475 702 587 764 tantae
610 700 773 783 scientiae,
795 703 847 765 tot
864 701 1005 786 inuenta,
1023 724 1091 767 non

83 810 179 873 posse
203 809 275 853 eam
296 791 457 870 naturam,
481 809 562 871 quae
580 809 706 852 reseas
724 788 898 873 contineat,
917 811 987 855 esse
1005 812 1090 855 mor-

83 877 194 959 talem,
217 897 352 959 cumque
375 897 502 959 semper
520 875 663 961 agitetur
682 875 808 940 animus
821 898 881 940 neo
894 877 1089 961 principium

83 968 193 1028 motus
216 964 344 1048 habeat,
368 963 444 1046 quia
467 984 501 1027 sa
523 964 593 1047 ipse
617 967 755 1047 moveat,
776 985 817 1028 ne
839 964 937 1029 finem
959 965 1089 1048 quidem

83 1052 273 1116 habitururn
295 1072 365 1115 esse
388 1054 510 1134 motus,
534 1051 610 1134 quia
631 1072 809 1135 numquam
831 1073 866 1116 se
886 1052 956 1136 ipse
980 1053 1024 1116 sit
1041 1075 1088 1116 re

83 1140 234 1222 licturus,
262 1142 308 1217 et,
336 1161 410 1204 oum
438 1138 576 1222 simplex
603 1138 703 1203 animi
730 1142 815 1204 esset
840 1143 959 1204 natura
984 1161 1088 1224 neque

83 1225 257 1292 haberet
248 1248 284 1291 m
310 1247 344 1290 se
373 1225 544 1310 quicquam
571 1226 751 1291 admixtum
777 1227 887 1311 dispar
914 1227 965 1291 sui
992 1231 1088 1310 atque

84 1315 255 1397 dissimile,
281 1335 348 1378 non
370 1335 466 1398 posse
489 1335 562 1378 eum
585 1314 697 1398 dividi·
721 1315 855 1398 quod
829 1336 858 1379 ιι
879 1335 946 1379 non
968 1319 1089 1399 posset,

82 1425 150 1468 non
167 1424 263 1487 posse
279 1401 427 1485 interire3
445 1423 628 1487 magnoque
647 1423 717 1466 esse
731 1406 903 1487 argument
904 1424 923 1467 o
888 1403 1088 1467 thomines

84 1491 166 1557 seire
188 1491 343 1574 pleraque
367 1494 455 1573 ante,
485 1512 583 1573 quam
604 1490 675 1554 nati
698 1489 777 1572 sint,
801 1489 971 1573 quoduam
988 1491 1089 1575 pueri,

85 1601 158 1644 cum
175 1583 261 1643 artes
280 1578 428 1642 difficiles
447 1577 630 1642 disoantt
557 1581 581 1661 t,
603 1582 630 1641 1
632 1600 651 1642 a
670 1577 817 1643 celeriter
834 1599 886 1642 res
908 1578 1089 1642 innumera·

84 1667 167 1732 biles
190 1666 362 1750 arripiant,
389 1668 426 1730 ut
456 1686 510 1729 eas
532 1687 599 1730 non
619 1670 691 1729 tum
712 1665 855 1749 primum
878 1665 1022 1749 accipere
1044 1666 1090 1730 ri·

85 1755 230 1836 deantur,
254 1753 309 1818 sed
323 1753 487 1817 reminisci
500 1757 532 1817 et
550 1753 720 1818 recordari.
747 1752 837 1818 Haec
850 1752 999 1818 Platonis
1012 1753 1089 1818 fere.

84 1842 182 1927 Apud
203 1841 453 1926 Xenophontem
476 1843 585 1905 autem
604 1841 745 1906 moriens
765 1839 868 1924 Cyrus
888 1841 992 1906 maior
1009 1821 1140 1948 haee2,{

85 1930 177 1995 dicit:
209 1929 358 1994 ‘Nolite
382 1928 590 2012 arbitrari,
616 1951 635 1993 o
659 1929 754 1993 mihi
780 1929 974 1994 carissimi
996 1929 1090 2014 filii,

85 2040 155 2101 me,
178 2039 259 2082 cum
281 2040 302 2081 a
324 2017 434 2081 vobis
458 2016 688 2102 discessero,
710 2038 897 2100 nusquam
921 2020 987 2082 aut
1004 2017 1089 2081 nul·

85 2106 163 2170 lum
185 2105 278 2170 fore.
310 2103 388 2168 Neo
411 2104 524 2188 enim,
548 2105 632 2169 dum
656 2126 757 2168 eram
775 2105 989 2190 vobiscum,
1008 2105 1089 2169 ani-

85 2215 183 2258 mum
215 2214 335 2257 meum
371 2192 583 2276 videbatis,
620 2193 685 2257 sed
716 2214 800 2256 eum
833 2213 917 2257 esse
948 2193 988 2257 in
1019 2193 1090 2257 hoo

85 2301 245 2363 corpore
269 2301 312 2343 ex
333 2279 383 2342 iis
401 2280 528 2363 rebus,
553 2302 644 2364 quas
665 2281 858 2365 gerebam,
880 2280 1090 2365 intellege·

85 2368 199 2433 batis
244 2366 414 2432 Eundem
436 2367 560 2452 igitur
586 2389 670 2432 esse
699 2368 903 2451 creditote,
933 2368 1089 2432 etiamsi

85 2455 235 2520 nullum
258 2455 449 2519 videbitis.
496 2454 573 2520 Nec
595 2476 685 2520 vero
705 2455 900 2519 clarorum
917 2455 1088 2521 virorum
1107 2471 1140 2522 80

86 2546 175 2628 post
206 2546 366 2607 mortem
402 2542 566 2606 honores
600 2546 884 2626 permanerent,
920 2543 954 2606 si
988 2543 1089 2606 nihil

87 2653 215 2696 eorum
241 2630 417 2714 ipsorum
444 2629 562 2694 animi
589 2628 809 2712 efficerent,
841 2650 914 2711 quo
943 2628 1089 2694 diutius

86 2718 308 2783 memoriam
332 2717 391 2780 sui
413 2720 644 2781 teneremus.
687 2715 783 2779 Mihi
806 2715 959 2816 quidem
986 2738 1091 2780 num-

87 2828 198 2890 quam
229 2804 455 2889 persuaderi
485 2804 616 2888 potuit
643 2803 802 2904 animos,
834 2802 954 2867 dum
945 2825 983 2866 ιιι
1011 2824 1089 2867 cor-

86 2894 246 2994 poribus
270 2895 402 2957 essent
388 2892 667 2975 tmortalibus,
693 2891 836 2975 viuere,
863 2912 945 2956 cum
964 2911 1090 2955 exces-

86 2980 231 3046 sissent
264 3002 307 3044 ex
338 2980 407 3063 eis,
443 2980 575 3063 emori,
605 3001 672 3043 neo
699 3000 789 3044 vero
816 2981 896 3042 tum
923 2978 1092 3043 animum

87 3090 170 3133 esse
207 3068 470 3152 insipientem,
507 3089 588 3133 curn
624 3089 667 3131 ex
698 3065 902 3151 insipienti
931 3087 1091 3149 corpore

87 3157 292 3240 evasisset,
325 3156 389 3220 sed
416 3177 499 3221 cum
526 3154 627 3220 omni
654 3153 812 3219 admixt
784 3157 889 3217 trone
917 3153 1090 3237 corporis

86 3243 280 3309 liberatus
304 3264 425 3327 purus
449 3246 486 3309 et
507 3243 660 3329 integer
683 3263 765 3306 esse
783 3241 990 3325 coepisset,
1013 3245 1092 3305 tum

87 3353 172 3396 esse
196 3332 414 3417 sapientem.
445 3330 572 3415 Atque
595 3330 711 3395 etiam
734 3351 815 3394 curn
837 3329 1004 3393 hominis
1027 3351 1093 3394 na-

86 3422 175 3484 tura
199 3422 322 3484 morte
346 3417 591 3503 dissolvitur,
621 3421 833 3483 ceterarum
860 3439 986 3482 rerum
1008 3439 1091 3501 per·

87 3507 262 3592 spicuam
281 3509 340 3570 est
359 3527 431 3589 quo
446 3527 616 3590 quaeque
631 3504 815 3590 discedat3
834 3506 974 3570 abeunt
994 3505 1094 3570 enim
1125 3418 1175 3703 c
