2446 3944
458 183 699 250 -535—

73 345 132 409 'vel
156 365 267 409 eorum
289 344 467 408 multorum
488 347 607 429 pestes,
630 365 711 427 quae
733 346 831 429 paulo
854 347 930 430 post
953 347 1080 409 secutae

81 435 164 496 sunt.
200 431 269 496 Nee
291 453 367 496 vero
390 433 456 496 iam
479 453 551 496 meo
573 431 702 496 nomine
726 433 890 498 abstinent
913 437 955 516 et,
978 431 1081 514 eredo,

81 519 157 603 quia
184 521 298 584 nostro
326 520 460 584 consilio
488 541 525 583 ao
546 519 690 602 periculo
713 541 783 584 sese
805 521 840 583 in
861 520 920 585 illa
941 520 1012 585 uita
1034 523 1080 584 at-

81 628 142 690 que
170 607 237 671 otio
261 611 468 672 conservatos
491 609 621 691 putant,
649 607 779 691 gravius
803 608 902 672 etiam
925 608 963 671 de
985 607 1080 671 nobis

81 698 257 778 queruntur
281 698 313 758 et
336 694 506 759 amantius.
543 691 606 757 Sed
627 693 715 758 haud
736 694 831 758 faeile
850 695 994 778 dixerim,
1016 717 1081 777 our,

78 804 152 846 eum
165 781 230 867 ipsi
244 781 385 847 discendi
399 785 455 846 aut
468 780 593 846 visendi
607 802 704 846 eausa
717 782 820 846 maria
833 782 1080 846 tramittant...

324 939 562 1019 [Desideroutar
578 940 714 1022 popinae
735 939 835 1027 dum]

175 1045 359 1110 ...salvam
386 1064 456 1108 esse
483 1043 653 1109 consulatu
681 1042 827 1107 abiens'
818 1064 853 1106 ιιι
875 1063 947 1106 eon·
971 1045 1010 1122 [p.
1030 1057 1115 1124 2597

78 1134 167 1198 tione
175 1097 311 1218 populo
333 1132 480 1196 Romano
503 1131 589 1196 idem
610 1130 769 1194 iurante
759 1129 963 1212 iuravissem,
986 1129 1081 1194 facile

78 1221 271 1285 iniuriarum
289 1220 434 1285 omnium
452 1239 693 1304 compensarem
712 1239 822 1282 curam
840 1221 873 1282 et
888 1217 1081 1282 molestiam.

81 1307 284 1391 Quamquam
305 1307 410 1372 nostri
430 1327 522 1370 casus
540 1307 615 1390 plus
633 1305 765 1370 honoris
783 1305 967 1370 habuerunt
985 1327 1082 1389 quam

79 1395 201 1460 laboris
237 1416 340 1478 neque
376 1397 505 1458 tantum
541 1393 724 1476 molestiae,
760 1396 917 1476 quantum
948 1393 1082 1477 gloriae,

79 1482 298 1565 maioremque
325 1480 484 1545 laetitiam
512 1503 550 1544 ex
578 1480 733 1544 desiderio
760 1481 920 1545 bonorum
941 1481 1081 1566 percepi-

79 1590 150 1633 mus
179 1590 276 1652 quam
303 1590 342 1632 ex
367 1567 472 1632 laetit'
448 1571 494 1631 tra
520 1568 743 1652 improborum
771 1567 923 1632 dolorem.
969 1565 1079 1632 Sed
1053 1590 1081 1632 s1

80 1657 183 1740 aliter,
202 1660 239 1720 ut
253 1656 326 1739 dixi,
345 1654 522 1739 accidisset,
542 1656 597 1739 qui
610 1676 740 1740 possem
754 1655 845 1739 queri
850 1652 967 1742 ?leum
979 1657 1019 1735 [p.
1029 1671 1081 1721 260

80 1744 161 1809 mihi
188 1743 270 1807 nihil
297 1743 462 1828 inproviso
490 1764 548 1808 nee
577 1743 721 1828 gravius,
749 1764 847 1826 quam
869 1744 1081 1828 exspectavis-

80 1853 157 1916 sem,
177 1853 236 1916 pro
256 1831 357 1895 tantis
376 1830 455 1895 meis
474 1829 570 1895 factis
590 1831 756 1895 evenisset.
792 1831 825 1894 Is
845 1831 930 1894 enim
947 1831 1081 1916 fueram,

79 1920 131 1984 oui
162 1940 235 1984 oum
266 1918 377 1983 liceret
407 1922 463 1983 aut
490 1919 628 1983 maiores
657 1940 695 1982 ex
723 1917 790 1982 otio
817 1917 941 1983 fruetus
968 1941 1081 2003 capere

80 2029 177 2091 quam
209 2006 324 2072 ceteris
355 2009 489 2091 propter
518 2006 644 2071 variam
671 2006 865 2070 suavitatem
893 2007 1081 2091 studiorum,

78 2096 114 2160 in
143 2095 259 2179 quibus
290 2116 309 2158 a
335 2093 475 2179 pueritia
501 2094 659 2177 vixeram,
687 2098 743 2158 aut
770 2094 798 2157 si
825 2092 902 2177 quid
925 2094 1082 2159 accideret

80 2183 238 2248 acerbius¹
253 2181 425 2265 universis,
453 2203 519 2246 non
545 2181 765 2266 praeeipuam,
793 2182 848 2245 sed
874 2203 986 2266 parem
1008 2204 1081 2248 eum

79 2271 193 2336 ceteris
216 2270 366 2335 fortunae
389 2269 607 2335 condicionem
630 2269 751 2352 subire,
777 2290 844 2333 non
866 2268 1081 2335 dubitaverim

78 2380 130 2422 me
153 2358 354 2441 gravissimis
377 2356 625 2440 tempestatibus
647 2354 651 2441 Ι
671 2377 708 2420 ao
731 2377 832 2439 paene
854 2355 962 2420 fulmi-
986 2359 1026 2438 [p.
1046 2373 1080 2423 49

78 2445 173 2508 nibus
192 2445 272 2528 ipsis
291 2443 422 2508 obvium
439 2443 523 2507 ferre
542 2443 833 2507 conservandorum
850 2443 968 2508 'civium
984 2466 1081 2510 eausa

79 2532 222 2614 meisque
254 2530 393 2615 propriis
424 2531 575 2614 perieulis
607 2551 720 2616 parere
752 2552 919 2596 commune
947 2532 1080 2616 reliquis

80 2618 191 2684 otium,
234 2617 347 2701 Neque
375 2617 460 2681 enim
487 2618 548 2682 hae
573 2639 634 2682 nos
661 2617 768 2702 patria
794 2618 866 2704 lege
890 2621 1001 2704 genuit
1024 2625 1115 2685 aute

80 2705 236 2789 educavit,
258 2708 295 2768 ut
317 2705 408 2769 nulla
430 2705 523 2788 quasi
546 2705 699 2770 alimenta
722 2709 922 2790 exspectaret
945 2707 1080 2772 anobis

80 2815 117 2858 ao
144 2796 273 2857 tantum
299 2792 394 2857 modo
422 2792 543 2856 nostris
570 2793 642 2876 ipsa
669 2793 844 2858 commodis
868 2794 1009 2860 serviens
1031 2799 1080 2861 tu-

79 2886 150 2946 tum
177 2880 362 3031 perfugium
389 2879 456 2944 otio
482 2882 595 2944 nostro
625 2881 845 2966 suppeditaret
868 2886 901 2946 et
923 2884 1079 2968 tranquil·

80 2970 149 3033 lum
177 2968 217 3032 ad
240 2968 328 3051 quiet
330 2990 381 3032 em
403 2968 522 3068 locum,
549 2968 605 3031 sed
627 2972 664 3031 ut
685 2969 842 3053 plurimas
866 2973 899 3034 et
921 2972 1078 3037 maximas

79 3056 184 3122 nostri
212 3052 369 3141 anilmi,
359 3054 493 3155 mgenii,
521 3055 648 3119 consilii
674 3079 733 3140 par
734 3056 776 3120 tis
803 3057 877 3142 ipsa
899 3058 962 3122 s1b1
985 3060 1025 3138 [p
1045 3076 1079 3125 ιο

80 3145 121 3208 ad
143 3144 231 3208 utilit
234 3147 319 3207 atem
342 3164 434 3207 suam
460 3142 684 3227 pigneraretur
711 3148 901 3246 tantumque
923 3145 1080 3211 nobisin

79 3235 228 3296 nostrum
249 3231 412 3315 privatum
434 3251 537 3314 usum,
561 3232 799 3316 quantum1psi
822 3254 988 3317 superesse
1006 3256 1078 3319 pos-

31 3347 39 3361 ·
81 3323 139 3403 set,
161 3319 351 3383 remitteret
375 3356 378 3369 ·

145 3406 217 3470 Iam
238 3402 365 3470 ille
335 3418 339 3423 '
500 3384 503 3389 Ι
603 3408 819 3497 mmmmbi
840 3410 881 3473 ad
901 3415 1031 3475 excusat
1032 3412 1074 3476 io·
1017 3382 1116 3506 t}

80 3518 162 3578 nem,
186 3491 288 3577 quof
356 3564 369 3591 Ι,
426 3527 528 3548 ιιιι
663 3498 726 3581 tur,
747 3486 832 3561 certe
850 3497 981 3563 minime
1000 3504 1075 3563 sunt
