2446 3944
466 223 707 288 -527-

85 399 146 463 que
177 379 276 443 variis
308 377 350 443 ab
381 379 496 443 ultima
528 379 720 463 antiquitate
755 381 902 464 repetitis
937 380 1002 446 tria
1035 380 1089 445 vix

85 466 260 532 amicorum
282 467 375 548 paria
396 466 612 550 reperiuntur,
633 470 671 530 ut
693 467 898 532 adcrescere
920 469 1088 552 pervenias

84 553 248 637 profectus
272 576 292 618 a
313 552 447 619 Theseo.
491 554 538 619 At
559 575 635 619 vero
658 554 817 637 Epicurus
840 578 905 620 una
927 557 962 620 in
984 556 1089 639 domo,

86 645 119 704 et
132 662 170 706 ea
188 641 317 725 quidem
336 644 482 727 angusta,
501 663 598 725 quam
616 663 753 726 magnos
769 647 950 727 quantaque
969 643 1089 708 amoris

86 729 324 813 conspiratione
353 729 591 795 consentientes
617 731 723 795 tenuit
753 731 929 795 amicorum
961 732 1088 816 greges!

86 815 178 892 Quod
199 818 237 881 fit
259 817 357 882 etiam
378 838 464 881 nunc
482 817 523 881 ab
541 816 720 901 Epicureis.
758 816 820 883 Sed
838 819 879 883 ad
897 840 966 883 rem
983 819 1090 883 redea-

85 926 170 989 mus;
189 905 227 968 de
244 905 429 970 hominibus
448 904 511 969 dici
528 926 595 970 non
612 926 743 970 necesse
762 909 818 970 est.
850 904 969 970 Tribus
988 906 1089 990 igitur
1107 927 1141 975 oo

85 992 189 1057 modis
221 992 314 1056 video
347 1015 416 1057 esse
444 1014 464 1056 a
490 993 612 1058 nostris
641 993 680 1058 de
708 992 851 1058 amicitia
880 993 1088 1076 disputatum.

84 1079 153 1143 Alii
181 1102 253 1145 cum
281 1101 334 1144 eas
362 1082 558 1164 voluptates,
580 1102 661 1164 quae
680 1080 721 1146 ad
741 1081 861 1145 amicos
884 1081 1089 1164 pertinerent,

85 1172 242 1251 negarent
273 1189 344 1233 esse
376 1190 434 1252 per
466 1189 500 1232 se
531 1169 619 1251 ipsas
651 1171 719 1232 tam
751 1169 956 1251 expetendas,
992 1190 1089 1252 quam

84 1259 214 1320 nostras
250 1258 482 1339 expeteremus,
523 1278 585 1339 quo
626 1257 697 1321 loco
736 1255 862 1321 videtur
897 1256 1089 1340 quibusdam

86 1343 246 1407 stabilitas
261 1343 421 1407 amicitiae
435 1344 598 1426 vacillare,
615 1346 745 1408 tuentur
762 1346 873 1408 tamen
891 1365 964 1408 eum
980 1344 1089 1409 locum

85 1451 181 1513 seque
208 1431 317 1514 facile,
348 1434 385 1494 ut
416 1430 497 1494 mihi
522 1431 661 1514 videtur,
692 1430 871 1514 expediunt
924 1431 971 1497 Ut
1002 1432 1089 1496 enim

85 1517 234 1600 virtutes,
265 1516 304 1581 de
335 1518 451 1602 quibus
483 1521 558 1583 ante
589 1518 710 1583 dictum
742 1522 804 1603 est,
836 1519 883 1584 sic
912 1519 1088 1584 amicitiam

85 1608 327 1757 retreat
344 1606 567 1758 stitit?
581 1606 769 1758 distiti
797 1606 1089 1779 etaiettmpiitt

86 1780 143 1864 sit,
179 1781 263 1844 ratio
302 1781 375 1864 ipsa
406 1783 516 1845 monet
547 1782 706 1846 amicitias
738 1803 937 1865 comparare,
974 1783 1088 1866 quibus
1202 1829 1205 1834 -

84 1868 190 2020 {tit
205 1868 607 2040 ⁰2⁰dtititii¹¹tt¹tt⁶t
625 1870 1088 2040 recreationis·
1106 1969 1140 2019 e

568 2007 576 2020 '
902 2009 911 2041 7

86 2043 321 2127 despicationes
348 2043 557 2108 adversantur
583 2044 819 2128 voluptatibus,
850 2045 896 2110 sic
926 2008 1088 2111 amicitiai

84 2153 150 2196 non
173 2131 268 2196 modo
290 2132 443 2196 fautrices
465 2131 685 2215 fidelissimae,
714 2132 890 2198 sedetiam
913 2134 1088 2200 effectrices

86 2222 161 2285 sunt
187 2220 392 2304 voluptatum
419 2222 487 2284 tam
514 2220 625 2284 amicis
653 2242 750 2304 quam
777 2221 854 2304 sibi3
881 2222 996 2305 quibus
1021 2244 1088 2287 non

85 2308 189 2371 solum
211 2308 434 2391 praesentibus
457 2307 620 2390 fruuntur,
643 2306 699 2371 sed
722 2308 820 2372 etiam
843 2329 897 2391 spe
920 2310 1089 2392 eriguntur

85 2396 308 2476 consequentis
345 2417 382 2459 ac
417 2394 540 2477 posteri
570 2394 733 2476 temporis.
793 2392 962 2479 Quodquia
997 2395 1087 2460 nullo

84 2481 180 2545 modo
203 2482 271 2544 sine
294 2481 436 2545 amicitia
457 2481 583 2545 firmam
601 2483 634 2544 et
651 2484 839 2564 perpetuam
856 2482 1087 2548 iucunditatem

85 2568 171 2632 vitae
196 2571 304 2631 tenere
331 2589 502 2650 possumus
532 2589 635 2652 neque
666 2589 742 2632 vero
773 2569 879 2652 ipsam
910 2570 1087 2634 amicitiam

84 2656 180 2738 tueri,
205 2656 271 2720 nisi
298 2676 397 2739 aeque
424 2655 544 2719 amicos
574 2660 607 2719 et
636 2657 879 2738 nosmetipsos
906 2657 1087 2741 diligamus,

84 2742 202 2807 idcirco
226 2745 259 2806 et
280 2742 342 2809 hoc
363 2743 471 2826 ipsum
494 2741 632 2807 efficitur
653 2743 689 2806 in
711 2743 865 2821 amicitia,
889 2747 922 2808 et
944 2744 1088 2808 amicitia

85 2852 157 2894 cum
177 2830 341 2914 voluptate
360 2829 545 2894 conectitur.
580 2828 666 2894 Nam
684 2834 717 2895 et
734 2830 893 2895 laetamur
911 2831 1086 2897 amicorum

84 2919 210 2982 laetitia
242 2940 342 3003 aeque
376 2921 471 3002 atque
502 2919 615 2981 nostra
646 2920 679 2980 et
709 2919 830 3001 pariter
853 2919 1001 2986 >dolemus
1032 2940 1086 2984 an·

84 3006 224 3089 goribus.
270 3005 425 3081 Quocirca
450 3004 562 3070 eodem
584 3004 680 3069 modo
710 3005 836 3089 sapiens
864 3007 927 3070 erit
954 3007 1085 3070 affectus
1104 3025 1139 3075 68

84 3114 162 3178 erga
198 3093 350 3177 amicum,
388 3113 451 3177 quo
487 3092 522 3157 in
557 3113 591 3156 se
627 3093 747 3177 ipsum,
783 3114 925 3177 quosque
957 3093 1087 3165 labores

83 3184 218 3265 propter
240 3203 332 3245 suam
354 3182 554 3263 voluptatm
575 3181 763 3264 susciperet,
786 3180 915 3245 eosdem
933 3178 1069 3247 susci*

82 3274 215 3353 proptor
251 3268 346 3334 amici
383 3268 593 3351 voluptatem.
652 3268 802 3352 Quaeque
837 3268 876 3333 de
911 3269 1026 3335 virtuti

84 3357 170 3422 dicta
193 3360 281 3440 sunt,
304 3379 397 3442 quem
420 3356 614 3422 admodum
640 3377 694 3420 eae
717 3377 844 3440 semper
865 3356 998 3445 volupts

82 3446 294 3529 inhaererent,
312 3444 423 3509 eadem
443 3443 640 3509 deamicitia
657 3443 790 3510 dicenda
807 3446 891 3511 sunt
915 3443 954 3527 P,

84 3535 169 3597 enim
190 3533 349 3617 Epicurus
376 3532 428 3598 his
454 3554 557 3615 paene
583 3531 702 3599 verbis:
735 3530 956 3623 ‘Eadem’,‘
986 3528 989 3533 ’
