2446 3944
466 191 617 257 —281
666 229 707 240 -—

83 378 156 422 cum
180 358 288 420 aetate
310 355 536 440 processisset,
563 355 619 438 qui
641 353 802 420 Aristides
826 360 924 439 esset,
947 355 1091 439 Lysima-

83 443 180 508 chum
201 443 344 507 salutare
363 443 519 508 solitum?
554 442 713 526 Equidem
731 465 797 510 non
815 444 910 510 modo
930 465 985 509 eos
1003 445 1090 530 novi,

84 531 140 615 qui
163 533 247 614 sunt,
271 531 327 595 sed
350 552 461 595 eorum
483 534 593 616 patres
617 531 716 595 etiam
739 536 772 596 et
795 554 882 615 avos,
904 553 963 598 nec
986 533 1090 616 scpul-

84 641 139 684 cra
161 619 272 703 legens
296 640 418 702 vereor,
442 619 527 702 qnod
550 621 650 703 aiunt,
672 641 713 683 ne
734 621 925 685 memoriam
942 620 1089 704 perdam3

83 707 135 770 his
164 707 248 771 enim
275 706 355 790 ipsis
384 706 528 792 legendis
555 706 590 769 in
617 708 806 772 memoriam
829 709 923 772 redeo
948 712 1089 773 mortuo·

83 817 164 860 rum.
199 793 268 859 Nec
287 816 363 858 vero
383 816 578 877 quemquam
596 815 705 859 senem
725 795 833 860 audivi
854 796 1001 878 oblitum,
1025 818 1088 879 quo

83 884 155 948 loco
178 882 367 955 thesaurum
391 883 566 965 obruisset3
589 882 707 966 omnia,
730 904 812 966 quae
833 887 956 966 curant,
979 884 1089 947 memi-

82 974 209 1054 nerunt,
226 969 412 1070 vadimonia
425 970 612 1054 constituta,
626 971 698 1054 quis
710 971 781 1053 sibi,
795 971 846 1035 oui
859 971 923 1055 ipsi
941 971 1088 1035 debeant.

84 1057 231 1134 Quid?
221 1057 468 1141 iurisconsulti,
491 1058 590 1141 quid?
613 1058 917 1142 ponttifices,quid‘?
941 1079 1088 1142 augures,
1107 1079 1141 1126 aa

84 1146 191 1248 quid‘l
193 1146 380 1230 philosophi
391 1167 482 1210 senes
497 1168 595 1229 quam
604 1146 708 1210 multa
718 1109 944 1210 meniinerunt!
955 1146 1089 1211 Manent

82 1234 214 1320 ingenia
233 1234 373 1317 senibus,
390 1234 486 1298 modo
505 1238 694 1318 permaneat
713 1235 855 1298 studium
874 1237 907 1298 et
920 1234 1057 1298 indust
1016 1239 1088 1318 ιιιι,

82 1344 186 1405 neque
214 1344 252 1386 ea
279 1285 420 1386 solurir'
411 1344 446 1385 1n
473 1322 568 1386 claris
598 1326 630 1386 et
656 1322 825 1387 honoratis
853 1321 946 1405 viris,
976 1322 1064 1386 sed
1054 1344 1089 1385 1n

83 1411 152 1475 vita
174 1410 273 1474 etiam
295 1410 426 1494 privata
448 1413 481 1472 et
504 1410 593 1493 quiet
594 1432 621 1473 a.
663 1407 840 1494 Sophocles
864 1410 905 1474 ad
928 1431 1088 1474 summam

84 1501 282 1562 senectutem
314 1497 499 1583 tragoedias
534 1497 626 1581 fecit3
663 1498 748 1581 quod
779 1501 914 1582 propter
945 1498 1088 1562 studium

84 1608 156 1650 curn
184 1608 252 1649 rem
279 1586 453 1671 neglegere
479 1585 675 1650 familiarem
702 1585 877 1667 videretur,
904 1608 924 1650 a
949 1585 1026 1649 filiis
1054 1585 1089 1649 in

83 1673 235 1737 iudicium
267 1677 401 1738 vocatus
434 1676 496 1756 est,
528 1677 580 1757 ut,
612 1695 708 1756 quem
740 1674 781 1737 ad
811 1674 942 1738 modum
973 1677 1087 1737 nostro

84 1783 172 1825 more
201 1761 285 1824 male
313 1783 381 1825 rem
413 1761 600 1845 gerentibus
632 1760 780 1845 patribus
813 1761 907 1826 bonis
938 1761 1088 1826 interdici

85 1850 177 1932 solet,
199 1849 246 1923 sic
267 1848 359 1912 illum
384 1849 476 1931 quasi
495 1849 705 1933 desipientem
724 1871 743 1912 a
761 1870 796 1913 re
813 1848 968 1913 familiari
986 1871 1088 1914 remo-

84 1939 196 2001 verent
213 1936 343 2001 iudices.
375 1936 458 1999 Tum
476 1957 573 2001 senex
592 1937 708 2001 dicitur
726 1959 797 2001 eam
814 1935 969 2020 fabulam,
990 1960 1087 2021 quam

84 2025 119 2088 in
141 2025 289 2089 manibus
312 2024 455 2088 habebat
482 2025 687 2109 etproxime
716 2025 902 2109 scripserat,
930 2024 1087 2109 Oedipum

84 2111 270 2189 Coloneum,
292 2113 445 2176 recitasse
467 2112 625 2178 iudicibus
647 2113 882 2197 quaesisseque,
904 2135 983 2177 num
1005 2113 1088 2177 illud

84 2222 213 2264 carmen
236 2200 424 2284 desipientis
447 2201 617 2265 videretur.
663 2199 732 2276 Quo
756 2201 891 2266 recitato
917 2201 1087 2266 sententiis

83 2288 224 2352 iudicum
247 2291 297 2351 est
319 2288 485 2352 liberatus.
520 2287 609 2352 Num
631 2288 732 2373 igitur
753 2289 848 2372 hunc,
870 2311 949 2353 num
970 2288 1088 2353 Home·
1106 2307 1141 2355 23

84 2398 169 2459 rum,
191 2374 377 2458 Hesiodum,
402 2374 612 2459 Simonidem,
636 2374 869 2459 Stesichorum,
890 2399 982 2460 num,
1005 2399 1087 2460 quos

85 2467 160 2527 ante
193 2463 273 2547 dixi,
304 2462 485 2545 Isocraten,
518 2462 678 2548 Gorgian,
708 2485 787 2527 num
802 2464 1088 2548 philosophorum

84 2551 259 2635 principes,
286 2551 521 2636 Pythagoram,
544 2551 780 2633 Democritum,
808 2573 886 2615 num
908 2552 1088 2636 Platonem,

84 2661 162 2703 num
192 2637 409 2724 Xenocraten,
439 2660 517 2703 num
548 2641 662 2722 postea
689 2637 862 2720 Zenonem,
896 2637 1086 2703 Cleanthem

85 2730 141 2791 aut
165 2748 250 2810 eum,
281 2748 375 2809 quem
399 2748 456 2791 vos
480 2725 578 2790 etiam
600 2725 727 2789 vidistis
750 2724 886 2808 Romae,
908 2726 1087 2811 Diogenem

84 2813 237 2914 Stoicum,
260 2815 367 2900 coegit
388 2815 423 2878 in
446 2813 511 2878 suis
536 2813 650 2876 studiis
675 2813 895 2878 obmutescere
918 2813 1087 2877 senectus?
1133 2820 1137 2826 '

85 2925 127 2966 an
152 2901 188 2965 in
216 2902 365 2966 omnibus
392 2902 498 2965 hist
468 2901 647 2965 studiorum
671 2900 808 2986 agitatio
831 2901 918 2965 vitae
942 2901 1087 2983 aequalis

84 2989 168 3054 fuit‘?
213 2987 298 3075 Age,
321 2990 389 3054 ut
379 2993 445 3053 rsta
410 2989 576 3053 tdivina
599 2989 706 3054 studia
728 2989 824 3055 omitt
826 3010 917 3053 amus
922 3010 1087 3089 ,possum
1107 3005 1140 3054 24

83 3077 250 3142 nominare
278 3100 316 3141 ex
344 3098 423 3162 agro
451 3074 571 3141 Sabino
599 3077 737 3142 rusticos
759 3077 938 3159 Romanoa,
964 3076 1087 3141 vicinos

85 3169 117 3229 ιι
139 3164 317 3229 familiares
340 3187 443 3266 meos,
470 3165 586 3249 quibus
611 3167 725 3230 absent
725 3165 798 3230 ibus
820 3187 998 3248 numquam
1020 3164 1087 3229 fere

84 3252 188 3316 ulla
179 3275 214 3316 in
241 3273 319 3336 agro
348 3253 471 3317 maiora
498 3274 596 3337 opera
622 3254 718 3337 fiunt,
746 3276 813 3318 non
840 3253 995 3336 serendis,
1022 3275 1088 3318 non

83 3340 311 3425 percipiendis,
333 3363 398 3404 non
421 3341 593 3405 condendis
615 3341 785 3406 fructibus.
830 3339 1031 3424 Quamquam
1053 3342 1089 3405 in

84 3428 156 3492 aliis
180 3428 287 3492 minus
305 3429 367 3493 hoc
388 3429 505 3493 mirum
524 3433 586 3514 ιιι,
609 3451 704 3494 nemo
723 3429 809 3493 enim
827 3433 877 3493 est
895 3432 964 3493 tam
983 3451 1088 3512 senex,

82 3516 195 3598 quise
224 3538 344 3582 anuum
373 3539 439 3581 non
465 3521 559 3601 putet
586 3538 682 3602 posse
709 3517 829 3602 vivere3
859 3517 915 3581 sed
941 3517 1027 3581 idem
1053 3516 1090 3583 in
1103 3508 1163 3703 Ι
