2446 3944
469 250 512 261 -
558 215 711 282 339*-

82 375 153 439 tino
177 372 337 456 Archyta,
367 376 401 437 ut
429 373 561 458 opinor,
590 374 652 440 dici
680 374 812 439 solitum
839 378 969 439 nostros
998 394 1090 440 senes

84 482 337 528 commemorare
365 459 474 526 audivi
505 461 547 526 ab
584 462 657 526 aliis
691 463 821 527 senibus
854 463 1012 527 auditum:
1046 463 1090 527 ‘si

84 550 169 634 quis
192 550 231 613 in
253 549 400 614 caelum
423 548 665 614 ascendisset
687 554 943 634 naturamque
961 550 1090 615 mundi

84 641 121 702 et
153 636 484 722 pulchritudinem
516 638 684 703 siderum
720 639 999 723 perspexisset,
1035 639 1090 703 in·

85 747 238 791 suavem
260 724 372 789 illam
395 724 692 790 admirationem
719 727 754 790 ei
780 726 878 809 fore3
910 749 1005 810 quae
1032 727 1090 791 iu-

84 812 317 880 cundissima
343 812 499 896 fuisset,
531 813 564 878 si
596 814 777 898 aliquem,
809 815 868 879 cui
894 818 1089 898 narraret,

82 899 307 966 habuisset?
345 897 397 966 Sic
418 904 538 966 natura
552 901 733 966 solitarium
744 902 826 966 nihil
843 905 931 966 amat
950 924 1089 987 semper-

84 1011 145 1074 que
169 988 210 1054 ad
228 989 360 1072 aliquod
378 993 546 1073 tamquam
565 989 795 1055 adminiculum
815 990 984 1073 adnititur3
1004 990 1088 1074 quod

83 1080 118 1142 in
141 1076 336 1142 amicissimo
361 1099 487 1161 quoque
511 1078 732 1143 dulcissimum
757 1082 815 1142 est.

150 1163 213 1243 Sed
235 1187 307 1230 oum
334 1168 386 1229 tot
413 1164 515 1250 signis
544 1166 655 1230 eadem
681 1169 799 1231 natura
826 1166 980 1244 declaret,
1012 1165 1088 1249 quid
1099 1165 1141 1230 24

83 1253 172 1337 velit,
195 1253 355 1337 anquirat,
378 1253 550 1337 desideret,
573 1258 684 1318 tamen
705 1254 962 1319 obsurdescimus
980 1253 1088 1317 nescio

83 1363 146 1426 quo
170 1341 266 1406 modo
286 1362 410 1424 necea,
430 1363 512 1425 quae
531 1342 572 1406 ab
588 1364 626 1406 ea
639 1363 816 1425 monemur,
839 1342 996 1406 audimus.
1027 1340 1089 1404 Est

84 1430 170 1494 enim
192 1428 301 1494 varius
330 1432 363 1493 et
389 1429 561 1513 multiplex
588 1451 665 1494 usus
694 1429 871 1512 amicitiae,
903 1430 1089 1513 multaeque
1146 1425 1149 1429 ’

84 1538 199 1582 causae
222 1516 442 1601 suspicionum
466 1516 742 1601 offensionumque
765 1516 892 1600 dantur,
915 1538 995 1600 quas
1018 1520 1089 1581 tum

84 1605 219 1688 evitare,
250 1608 321 1668 tum
353 1605 492 1689 elevare,
523 1609 593 1671 tum
624 1605 709 1670 ferre
742 1604 898 1689 sapientis
931 1608 993 1687 est,
1025 1626 1090 1668 una

83 1694 142 1757 illa
165 1692 364 1757 sublevanda
387 1693 521 1757 offensio
545 1697 604 1777 est,
627 1697 664 1757 ut
687 1697 720 1756 et
742 1693 868 1757 utilitas
887 1693 922 1756 in
946 1691 1090 1757 amicitia

84 1786 117 1845 et
138 1780 218 1844 fides
241 1780 430 1844 retineatur:
453 1803 530 1845 nam
553 1784 585 1844 et
608 1780 759 1845 monendi
782 1780 878 1844 amici
899 1801 994 1864 saepe
1013 1783 1089 1844 sunt

84 1872 117 1932 et
141 1867 342 1952 obiurgandi,
366 1872 398 1932 et
417 1868 498 1932 haec
516 1868 701 1952 accipienda
720 1868 830 1951 amice,
849 1890 921 1933 eum
940 1868 1089 1933 benivole

83 1957 175 2020 fiunt.
221 1951 282 2019 Sed
304 1956 412 2021 nescio
437 1977 499 2040 quo
523 1956 618 2020 modo
642 1977 753 2021 verum
777 1960 836 2040 est,
860 1955 944 2040 quod
967 1956 1002 2020 in
1024 1956 1089 2020 An·
1108 1969 1141 2020 89

85 2044 156 2109 dria
177 2043 349 2107 familiaris
372 2065 462 2108 meus
486 2043 576 2109 dicit:

129 2131 362 2215 Obse'quium
386 2132 542 2215 amicos,
564 2131 712 2196 veritas
737 2131 863 2196 odium
887 2131 999 2215 parit.

83 2221 225 2285 Molesta
246 2219 376 2302 veritas,
399 2219 557 2303 siquidem
581 2242 619 2284 ex
643 2241 681 2285 ea
697 2220 842 2285 nascitur
861 2219 979 2299 odium,
1003 2218 1089 2301 quod

84 2313 134 2374 est
152 2329 310 2374 venenum
325 2307 494 2391 amicitiae,
514 2308 569 2372 sed
588 2308 777 2391 obsequium
792 2308 896 2372 multo
911 2307 1089 2390 molestius,

85 2395 171 2480 quod
183 2395 324 2480 peccatis
338 2394 509 2480 indulgens
524 2395 733 2481 praecipitem
748 2395 887 2460 amioum
905 2394 984 2458 ferri
998 2394 1089 2475 sinit;

55 2555 65 2562 ,
85 2506 236 2548 maxuma
259 2486 368 2548 autem
391 2484 486 2568 culpa
507 2483 542 2547 in
565 2505 618 2565 eo,
646 2482 702 2566 qui
729 2486 761 2546 et
782 2483 953 2547 veritatem
982 2503 1089 2566 asper-

84 2575 182 2635 natur
204 2574 237 2635 et
258 2570 293 2635 in
314 2570 461 2636 fraudem
484 2571 639 2655 obsequio
662 2569 838 2654 inpellitur.
873 2568 969 2633 Omni
987 2569 1089 2654 igitur

84 2661 145 2724 hac
168 2659 203 2723 in
225 2681 259 2722 re
282 2659 431 2723 habenda
454 2659 538 2723 ratio
562 2662 595 2722 et
619 2657 788 2743 diligentia
810 2660 870 2739 est,
892 2657 1033 2741 primum
1052 2659 1089 2719 ut

84 2747 220 2812 monitio
254 2746 444 2830 acerbitate,
476 2746 589 2811 deinde
616 2749 653 2810 nt
680 2745 865 2830 obiurgatio
893 2742 1089 2808 contumelia

85 2838 207 2918 careat3
228 2834 264 2899 in
287 2835 441 2919 obsequio
464 2837 586 2918 autem,
610 2833 761 2917 quoniam
776 2831 971 2897 Terentiano
989 2830 1088 2896 verbo

85 2924 236 2987 lubenter
257 2923 393 3007 utimur,
421 2922 556 2988 comitas
580 2921 680 3005 adsit,
709 2920 904 3001 adsentatio,
935 2918 1089 2984 vitiorum

84 3010 234 3094 adiutrix,
256 3011 369 3095 procul
389 3014 586 3093 amoveatur,
605 3030 686 3093 quae
703 3030 769 3073 non
787 3008 883 3073 modo
903 3007 1015 3090 amieo,
1034 3007 1089 3071 sed

82 3120 124 3162 ne
146 3099 249 3163 libero
273 3098 401 3182 quidem
426 3098 524 3184 digna
547 3102 609 3180 est3
633 3098 728 3162 aliter
748 3096 833 3161 enim
852 3117 925 3161 cum
942 3099 1090 3178 tyranno,

83 3185 179 3251 aliter
203 3208 275 3251 cum
299 3186 401 3252 amico
424 3187 554 3251 vivitur.
599 3184 697 3250 Ouius
721 3187 829 3249 autem
849 3204 942 3248 aures
961 3183 1089 3247 clausae
1108 3199 1141 3247 90

82 3274 216 3339 veritati
235 3277 321 3358 sunt,
343 3278 380 3338 ut
399 3275 440 3338 ab
460 3275 562 3339 amico
577 3295 690 3339 verum
704 3272 814 3337 audire
827 3274 976 3356 nequeat,
993 3271 1089 3337 huius

84 3364 172 3427 salus
197 3362 397 3447 desperanda
421 3366 479 3427 est.
516 3360 640 3428 Scitum
663 3364 713 3426 est
736 3361 821 3425 enim
843 3360 926 3425 illud
946 3357 1006 3447 Oa,
1054 3359 1063 3375 '

83 3455 121 3515 ut
144 3452 261 3516 multa:
286 3450 440 3515 ‘melius
465 3450 507 3515 de
532 3450 760 3535 quibusdam
783 3450 942 3514 acerbos
963 3362 1157 3687 Γ

84 3559 148 3605 oos
177 3540 319 3604 mereri
353 3561 469 3623 quarn
497 3560 561 3604 eos
594 3538 751 3622 amicos,
783 3537 848 3621 qui
875 3535 962 3603 dulc

833 3636 891 3692 Ὦ*

820 3856 956 3882 A*
