2446 3944
440 188 677 252 ..447-

56 351 238 432 ostendere,
265 348 473 432 proponenda
498 347 655 431 quaedam
676 349 770 431 quasi
792 349 953 414 moventia
975 352 1059 433 sunt,

56 459 138 522 quae
155 459 215 502 nos
233 436 338 520 magis
358 435 398 500 ad
417 435 632 520 cognitionem
649 435 967 522 intellegentiamque
985 459 1059 503 con-

55 528 190 590 vertant.
235 523 386 588 Sumatur
413 524 499 589 euim
516 523 619 588 nobis
651 523 782 606 quidam
808 529 978 608 praestans
1009 525 1060 590 vir

57 613 197 695 optumis
222 612 359 693 artibus,
381 611 471 696 isque
490 610 598 675 animo
620 632 793 694 parumper
810 615 843 676 et
863 613 1059 697 cogitatione

56 701 205 784 fingatur.
262 699 408 762 Primum
443 698 574 783 ingenio
607 697 723 763 eximio
759 698 803 762 sit
832 720 961 765 necesse
997 705 1059 786 est3

56 788 158 853 tardis
191 787 277 851 euim
308 787 470 851 mentibus
501 786 604 866 virtus
640 807 706 850 non
741 784 838 866 facilc
874 788 1059 872 comitatur3

57 875 169 940 deinde
202 875 242 939 ad
279 873 538 959 investigandam
570 873 739 939 veritatem
775 873 879 947 studio
915 875 1059 942 incitato.

56 963 106 1028 Ex
125 985 188 1046 quo
207 962 325 1045 triplex
342 961 398 1025 ille
417 961 516 1026 animi
538 960 623 1026 fetus
642 961 769 1044 existet,
791 983 886 1048 unus*
897 962 933 1026 in
951 964 1059 1047 cogni-

56 1051 144 1115 tione
170 1071 276 1114 rerum
303 1049 484 1131 posituset
510 1049 545 1112 in
567 1048 780 1132 explicatione
801 1053 949 1133 naturae,
978 1052 1060 1115 alter

55 1139 90 1202 in
119 1137 324 1220 discriptione
357 1135 604 1219 expetendarum
634 1136 921 1222 fugiendarumque
952 1153 1060 1203 rerum

55 1231 85 1290 et
105 1227 140 1290 ia
157 1227 277 1290 votione
294 1225 436 1308 vivendi,
458 1224 573 1289 tertius
591 1224 625 1288 in
647 1224 830 1309 iudicando,
853 1225 930 1310 quid
947 1226 1059 1309 cuique

56 1313 103 1377 rei
122 1314 165 1378 sit
184 1333 389 1397 consequens,
408 1311 484 1396 quid
501 1331 693 1395 repugnans,
715 1312 832 1396 inquo
852 1312 937 1378 inest
955 1315 1059 1379 omnis

57 1422 129 1464 cum
148 1400 309 1465 subtilitas
333 1399 521 1482 disserendi,
543 1404 613 1463 tum
632 1399 750 1464 veritas
773 1400 944 1465 iudicandi.
990 1400 1059 1477 Quo
1078 1415 1112 1464 69

57 1487 187 1552 tandem
209 1488 310 1573 igitur
331 1489 449 1572 gaudio
473 1487 567 1552 adfici
588 1508 718 1552 necesse
741 1489 791 1550 est
815 1489 970 1571 sapientis
993 1490 1060 1554 ani-

57 1597 146 1639 mum
170 1596 240 1639 oum
263 1575 314 1639 his
342 1575 543 1640 habitantem
568 1577 873 1659 pernoctantemque
900 1577 997 1641 curis!
1025 1581 1061 1642 ut

58 1684 129 1726 cum
156 1663 256 1726 totius
279 1663 389 1727 mundi
415 1666 523 1727 motus
551 1662 837 1747 conversionesque
861 1665 1061 1748 perspexerit

58 1751 225 1833 sideraque
243 1750 360 1814 viderit
380 1750 631 1815 innumerabilia
652 1751 739 1815 caelo
763 1750 966 1816 inhaerentia
989 1774 1060 1817 cum

58 1840 126 1902 eius
145 1837 246 1921 ipsius
261 1841 351 1902 motu
364 1859 538 1923 congruere
554 1839 648 1903 certis
668 1838 766 1903 infixa
781 1839 919 1922 sedibus,
938 1843 1061 1923 septem

58 1925 122 1990 alia
145 1947 220 1990 suos
243 1946 386 2009 quaeque
412 1929 520 1990 tenere
544 1947 653 1990 cursus
676 1926 814 1991 multum
841 1926 925 1991 inter
948 1948 982 1991 se
1005 1932 1062 1992 aut

58 2012 228 2077 altitudine
248 2015 304 2077 aut
320 2013 503 2078 humilitate
523 2013 687 2097 distantia,
705 2035 840 2097 quorum
858 2015 935 2099 vagi
952 2019 1060 2080 motus

56 2105 129 2165 rata
146 2104 256 2165 tamen
274 2103 307 2164 et
320 2105 408 2165 certa
425 2102 475 2165 sui
489 2123 599 2166 cursus
619 2101 725 2185 spatia
742 2102 904 2167 definiant.
935 2102 1060 2168 Horum

54 2189 208 2253 nimirum
235 2192 383 2271 aspectus
410 2189 540 2272 impulit
569 2188 645 2254 illos
671 2192 796 2254 veteres
824 2194 856 2255 et
887 2191 1061 2275 admonuit,

55 2280 94 2340 ut
110 2277 205 2359 plura
222 2279 420 2359 quaererent.
450 2276 529 2340 Inde
546 2280 596 2341 est
613 2276 779 2362 indagatio
797 2281 875 2342 nata
892 2278 1061 2344 initiorum

57 2367 90 2427 et
111 2368 277 2446 tamquam
300 2364 470 2447 seminum,
493 2363 576 2428 unde
598 2368 706 2429 essent
729 2365 836 2430 omnia
859 2368 943 2448 orta,
966 2385 1059 2450 gene·

56 2454 140 2534 rata,
165 2454 324 2534 concreta,
352 2473 496 2535 quaeque
518 2451 671 2534 cuiusque
694 2452 821 2536 generis
844 2452 895 2516 vel
925 2453 1060 2518 inanimi

56 2538 108 2602 vel
127 2538 301 2603 animantis
323 2539 376 2603 vel
394 2539 475 2604 muti
497 2539 549 2603 vel
571 2539 733 2622 loquentis
755 2538 860 2623 origo,
882 2560 964 2622 quae
982 2540 1059 2623 vita,

57 2625 111 2709 qui
129 2626 277 2691 interitus
296 2647 439 2710 quaeque
457 2648 496 2690 ex
514 2625 579 2691 alio
597 2626 632 2690 in
649 2626 737 2690 aliud
755 2625 942 2691 vicissitudo
963 2630 1060 2710 atque

56 2714 206 2797 mutatio,
242 2714 325 2779 unde
361 2718 448 2778 terra
484 2718 517 2779 et
554 2713 671 2798 quibus
702 2713 822 2777 librata
855 2713 1060 2798 ponderibus,

57 2802 171 2884 quibus
195 2802 339 2867 cavernis
363 2802 465 2866 maria
484 2802 717 2884 sustineantur,
739 2801 930 2885 quaomnia
952 2801 1060 2866 delata

56 2890 216 2972 gravitate
239 2889 379 2953 medium
402 2889 512 2954 mundi
534 2889 641 2954 locum
664 2910 790 2972 semper
812 2891 976 2973 expetant,
1004 2889 1059 2973 qui

56 2981 105 3040 est
127 2976 213 3041 idem
235 2977 364 3041 infimus
389 2977 424 3042 in
446 2976 593 3042 rotundo.

55 3260 89 3303 se
116 3261 206 3304 mens
234 3243 389 3324 agnoscat
416 3241 683 3322 coniunctamque
715 3260 787 3303 cum
815 3239 924 3303 divina
952 3243 1058 3303 mente

55 3349 88 3390 se
108 3328 240 3410 sentiat,
263 3349 301 3391 ex
319 3348 382 3410 quo
401 3327 581 3391 insatiabili
603 3326 720 3410 gaudio
740 3327 948 3409 compleatur.

55 3414 140 3479 euim
168 3414 322 3500 cogitatio
350 3413 389 3478 de
416 3414 450 3480 vi
476 3418 509 3479 et
533 3418 649 3479 natura
681 3413 813 3478 deorum
840 3414 927 3479 studi

53 3503 162 3568 cendit
183 3503 270 3568 illius
295 3503 518 3567 aeternitatem
540 3501 689 3567 imitandi
715 3522 817 3585 neque
842 3501 935 3571 sein
1116 3518 1118 3523 '
