2446 3944
463 210 700 277 -513-

75 368 198 437 mibmeu
222 375 320 453 magt?
358 371 467 452 {Bisster
489 371 567 453 tutte
585 372 725 462 manusco
743 371 874 437 litteram
891 389 948 437 rur
967 369 1090 452 tqleqte

74 457 230 540 querqueto
253 459 400 541 &chritus
427 461 459 526 ir
485 459 625 542 lqleqter
648 459 832 541 Uterletunq
857 461 984 540 qeboleu.
1030 464 1088 522 Res

73 568 144 610 vero
167 550 261 612 bonas
288 552 387 613 verbis
416 553 520 612 electis
548 553 683 630 graviter
710 555 874 630 ornateque
900 553 996 612 dictas
1020 553 1088 630 quis

72 657 133 697 non
155 638 259 718 legat?
275 674 316 682 -
332 637 407 718 aaa
427 638 459 703 iu
477 639 596 704 sicerae
616 637 705 716 {trull
727 639 862 717 mutulen
883 637 952 718 fimet
970 640 1088 718 (sceler,

73 724 118 787 bie
136 723 185 804 [io
203 737 261 790 rou
279 727 415 792 elucebat
433 731 553 791 neuneu
571 726 696 807 mollier,
720 726 782 790 eiua
799 724 931 806 etmilqe
948 727 1006 791 urb
1027 727 1088 792 eine

72 810 236 893 qtieqilrte.
270 813 313 879 (tr
326 827 389 881 reor
402 816 449 880 ein
462 816 578 890 &ecurt
592 815 652 881 uub
667 815 862 880 ueuunuaer
877 815 927 878 ter
941 811 1087 896 orreoen,

72 900 140 964 ubet
162 900 281 982 quqleit)
301 904 373 969 oller
395 903 588 969 ltrttomcnie
614 903 777 984 atqcueiqt,
800 902 897 983 melche
921 921 951 967 er
969 905 1017 968 ule
1041 904 1086 969 eiu
1150 919 1176 927 “

70 992 202 1054 insolens
221 995 455 1055 domesticarum
471 1015 574 1055 rerum
591 996 749 1055 fastidium
767 991 906 1071 beliniett.
934 990 991 1067 8111
1005 992 1086 1068 Burs

69 1078 140 1142 iiber
172 1079 261 1159 bislee
292 1081 444 1161 romaque
474 1081 625 1163 tlbletneu
661 1079 809 1160 rturilcter
840 1079 1086 1145 §litteraturroerte

69 1164 133 1245 [ufir
156 1186 186 1231 er
213 1167 261 1250 aa
290 1169 352 1249 hier
379 1169 462 1250 loqur
489 1187 522 1250 311
550 1170 599 1234 ber
627 1169 823 1250 ffietcuptusq
851 1167 1013 1247 tiaratae,
1041 1168 1085 1233 bie

69 1254 200 1336 rtmiltte
219 1257 348 1338 &morte
370 1259 408 1338 lei
430 1258 502 1338 nicht
525 1258 612 1323 uIIeiu
635 1257 709 1340 eutr
732 1261 834 1340 firmet,
858 1257 980 1336 lentem
1001 1256 1085 1337 loqur

69 1342 171 1423 reicter
195 1347 242 1410 ule
266 1346 311 1411 bie
334 1344 495 1433 qtiectildqe.

493 1461 653 1469 ———.

135 1515 282 1583 Primum
305 1521 419 1604 igitur,
448 1521 569 1606 inquit,
594 1522 640 1587 sic
664 1540 773 1605 agam,
800 1522 838 1584 ut
863 1520 928 1603 ipsi
955 1520 1111 1585 auctori9

65 1604 162 1670 huius
186 1607 375 1692 disciplinae
384 1610 513 1711 'plecett
537 1611 743 1690 constituam,
767 1607 844 1693 quid
867 1611 901 1673 et
924 1610 1018 1692 quale
1038 1609 1081 1673 sit

66 1693 108 1776 id,
131 1694 169 1758 de
193 1718 257 1780 quo
281 1719 476 1782 quaerrmus,
498 1721 565 1764 non
588 1721 651 1782 quo
674 1699 826 1783 ignorare
849 1719 907 1762 vos
932 1697 1081 1781 arbitrer,

65 1782 123 1846 sed
155 1787 192 1848 ut
223 1786 350 1852 ratione
383 1790 417 1851 et
446 1788 500 1852 vic
531 1787 686 1872 procedat
723 1785 836 1851 oratio.
887 1785 1079 1862 Quaerimus

64 1870 175 1956 igitur,
199 1874 276 1958 quid
300 1875 344 1939 sit
367 1879 546 1940 extremum
571 1881 603 1940 et
623 1877 774 1941 ultimum
793 1874 969 1958 bonorum3
993 1875 1080 1958 quod

65 1960 208 2024 omnium
230 1963 500 2047 philosophorum
529 1965 692 2029 sententia
715 1964 780 2028 tale
804 1962 901 2026 debet
928 1983 1012 2046 esse,
1042 1968 1079 2027 ut

65 2047 104 2111 ad
128 2048 160 2112 id
186 2051 294 2115 omnia
316 2053 429 2117 referri
453 2057 618 2138 oporteat,
645 2054 752 2137 ipsum
777 2054 885 2115 autem
908 2073 1078 2134 nusquam.

62 2134 134 2202 Hoc
147 2137 308 2222 Epicurus
322 2140 357 2203 in
372 2142 539 2225 voluptate
553 2143 655 2226 ponit,
675 2140 760 2226 quod
778 2162 941 2205 summum
956 2140 1077 2204 bonum

63 2246 133 2290 esse
151 2229 231 2312 vult,
255 2251 481 2315 summumque
501 2232 622 2295 malum
640 2230 794 2312 dolorem,
817 2229 912 2313 idque
933 2229 1077 2293 instituit

63 2311 176 2378 docere
208 2317 268 2382 sic:
306 2315 408 2381 Omne
441 2318 578 2402 animal,
615 2317 713 2383 simul
745 2321 842 2400 atque
878 2319 993 2380 natum
1025 2318 1076 2400 sit,
1094 2335 1129 2383 30

61 2400 263 2483 voluptutem
292 2409 444 2489 appetere
472 2427 571 2489 eaque
599 2406 739 2491 gaudere
766 2408 803 2468 ut
830 2425 956 2468 summo
980 2404 1075 2489 bone,

62 2487 207 2552 dolorem
240 2494 408 2576 aspernari
435 2496 473 2557 ut
501 2514 661 2557 summum
688 2493 810 2557 malum
838 2495 884 2574 et,
916 2494 1074 2575 quantum

61 2576 180 2660 possit,
203 2600 223 2642 a
246 2601 279 2642 se
302 2581 473 2664 repellere,
503 2580 599 2664 idque
623 2581 727 2645 facere
754 2579 898 2644 nondum
922 2580 1074 2662 deprava-

61 2667 145 2746 tum,
172 2665 244 2749 ipsa
270 2671 387 2732 natura
411 2668 597 2753 incorrupte
628 2672 724 2752 atque
751 2670 878 2752 integre
901 2668 1073 2733 iudicante.

60 2749 174 2836 Itaque
206 2760 306 2841 negat
337 2778 418 2840 opus
449 2778 519 2822 esse
550 2759 675 2823 ratione
706 2778 811 2840 neque
844 2756 1075 2840 disputatione,

60 2863 158 2924 quam
177 2845 218 2908 ob
242 2866 310 2909 rem
334 2846 486 2930 voluptas
506 2846 693 2932 expetenda,
714 2843 886 2929 fugiendus
905 2844 998 2909 dolor
1019 2845 1072 2909 sit.

60 2926 180 2995 Sentiri
198 2932 278 2997 haec
296 2937 400 3018 putat,
418 2938 455 2998 ut
474 2936 577 3000 celere
597 2935 716 3020 ignem,
734 2934 843 2998 nivem
861 2954 931 2998 esse
953 2933 1072 3017 albem,

59 3019 124 3082 mel
143 3020 248 3105 dulce3
274 3043 409 3106 quorum
427 3022 511 3089 nihil
531 3028 681 3108 oportere
700 3022 869 3106 exquisitis
888 3021 1071 3087 rationibus

58 3108 264 3194 confirmare,
300 3115 429 3177 tantum
467 3112 546 3176 satis
579 3133 649 3176 esse
686 3111 867 3176 admonere.
911 3109 1071 3174 Interesse

58 3196 144 3260 enim
172 3198 257 3263 inter
285 3203 514 3284 argumentum
542 3201 842 3283 conclusionemque
872 3198 1009 3262 rationis
1038 3202 1071 3263 et

57 3285 141 3349 inter
155 3287 348 3353 mediocrem
364 3289 674 3355 animadversionem
683 3292 785 3372 etque
801 3287 1071 3372 admonitionem
1106 3300 1110 3305 '

57 3373 161 3438 altera
180 3377 308 3440 occulta
326 3378 484 3462 quaedam
498 3381 531 3442 et
545 3378 639 3463 quasi
654 3377 801 3441 involuta
820 3376 948 3460 aperiri,
967 3377 1071 3455 altera

55 3469 207 3547 prompta
231 3469 264 3529 et
283 3469 394 3550 aperta
415 3466 560 3532 iudicari.
592 3465 723 3531 Etenim
743 3466 895 3550 quoniam
914 3464 1024 3530 detrec
1043 3464 1050 3479 ‘

55 3550 95 3614 de
117 3552 249 3618 homine
273 3555 421 3620 sensibus
440 3554 558 3639 reliqui
575 3554 659 3619 nihil
677 3557 736 3638 est,
757 3575 889 3620 necesse
908 3557 966 3639 est,
990 3552 1049 3639 qui

111 3664 295 3721 wetbertus,
310 3666 354 3713 tic
369 3665 483 3723 ttllvlwt·
498 3665 614 3722 &trellum
873 3663 908 3713 83
1026 3688 1030 3693 -
