2446 3944
484 191 723 256 -553-

92 351 195 415 multo
220 349 318 415 etiam
341 349 447 436 magis
474 349 633 415 Romulus
661 353 792 434 patrum
816 349 1010 416 auctoritate
1034 371 1106 414 con-

93 438 229 523 silioque
252 439 410 523 regnarit.
939 485 940 488 ,
1081 479 1085 485 -

159 525 229 602 Quo
256 527 343 592 facto
370 527 512 610 primum
539 526 621 592 vidit
647 527 865 611 iudicavitque
892 528 991 612 idem,
1020 494 1135 610 quod9

93 613 229 698 Spartae
252 614 420 700 Lycurgus
442 615 541 699 paulo
565 618 640 680 ante
662 614 801 694 viderat,
825 615 983 700 singulari
1005 596 1158 700 impe·15

91 704 140 768 rio
165 708 197 769 et
224 707 387 786 potestate
414 704 504 789 regia
533 708 603 780 tum
627 701 743 768 melius
773 704 949 788 gubernari
976 708 1010 768 11
1036 703 1107 789 regi

92 792 254 877 civitates,
282 792 311 856 si
340 795 425 857 esset
452 792 569 876 optimi
597 793 751 876 cuiusque
774 792 815 856 ad
842 792 934 856 illam
961 792 1028 857 vim
1052 793 1106 858 dc-

93 880 281 946 minationis
314 880 465 946 adiuncta
496 881 684 946 auctoritas.
728 880 843 965 Itaque
876 881 938 945 hoc
970 881 1106 945 oonsilio

92 972 126 1032 et
158 969 251 1052 quasi
288 973 403 1034 senatu
443 969 545 1034 fultus
588 973 621 1034 et
657 969 801 1035 munitus
838 973 872 1034 et
908 969 996 1033 bella
1033 991 1107 1034 cum

54 1109 57 1113 .
92 1057 241 1123 finitimis
272 1057 458 1122 felicissime
485 1059 590 1124 multa
617 1059 719 1143 gessit
747 1061 793 1142 et,
813 1079 899 1122 cum
926 1057 996 1140 ipse
1025 1057 1107 1121 nihil

93 1168 131 1211 111
153 1146 275 1230 praeda
302 1145 433 1211 domum
460 1168 552 1212 suam
579 1151 775 1232 reportaret,
806 1145 1004 1229 locupletare
1027 1145 1107 1210 civis

91 1255 158 1299 11111
181 1235 314 1299 destitit.
360 1235 455 1320 Tum,
482 1236 515 1300 id
544 1236 630 1320 quod
657 1235 837 1300 retinemus
864 1234 960 1299 hodie
989 1251 1161 1319 magnale

93 1345 165 1388 cum
190 1324 294 1388 salute
317 1324 541 1406 reipublicae,
565 1324 717 1408 auspiciis
735 1324 910 1408 plurimum
934 1323 1106 1388 obsecutus

94 1415 144 1476 est
161 1409 330 1476 Romulus.
366 1410 399 1476 N
401 1433 454 1475 am
474 1415 506 1476 11
523 1413 601 1496 ipre,
622 1413 707 1495 quod
721 1413 917 1496 principium
934 1412 982 1476 rei
1000 1411 1107 1494 publi-

93 1520 148 1563 cae
171 1498 243 1583 fuit,
266 1499 379 1563 urbem
398 1500 543 1565 condidit
561 1500 727 1584 auspicato
747 1505 780 1566 11
798 1501 948 1565 omnibus
967 1500 1107 1585 publicis

91 1588 189 1652 rebus
212 1587 430 1670 instituendis,
454 1589 509 1671 qui
532 1589 596 1654 sibi
619 1592 728 1653 essent
746 1589 780 1653 in
799 1589 961 1672 auspiciis,
985 1610 1023 1652 ex
1043 1589 1107 1653 sin·

93 1676 179 1760 gulis
206 1675 358 1740 tribubus
391 1676 538 1762 singulos
567 1677 732 1760 cooptavit
764 1698 903 1762 augures
931 1680 964 1740 et
990 1677 1108 1742 habuit

92 1765 222 1847 plebem
240 1766 276 1828 in
294 1765 459 1830 clientelas
477 1765 659 1848 principum
679 1765 867 1850 discriptam
886 1764 987 1851 (quod
1010 1786 1108 1848 quan·

92 1858 145 1916 tae
177 1852 280 1917 fuerit
311 1853 462 1936 utilitati,
488 1857 565 1936 post
591 1854 716 1936 videro)
748 1855 934 1937 multaeque
966 1853 1108 1918 dictione

94 1940 203 2006 ovium
227 1945 261 2006 et
283 1941 403 2006 bovum
427 1937 528 2027 (quod
551 1945 621 2007 tum
645 1947 716 2007 erat
737 1964 789 2008 res
811 1944 846 2007 in
869 1963 983 2025 pecore
1007 1943 1040 2006 11
1061 1944 1111 2025 11·,

93 2051 204 2095 corum
214 2029 483 2113 possessionibus,
498 2053 537 2095 ex
549 2053 612 2114 quo
626 2031 828 2114 pecuniosi
843 2036 875 2095 et
888 2031 1107 2114 locupletes

91 2115 315 2205 vocabantur),
337 2140 403 2184 non
426 2119 460 2184 11
483 2123 516 2185 11
538 2119 707 2205 suppliciis
731 2120 908 2186 coercebat.

159 2293 329 2360 Videtisne
351 2295 453 2380 igitur
475 2296 569 2361 unius
592 2295 656 2361 1111
679 2297 814 2360 11111111
842 2318 907 2361 non
931 2296 1035 2360 solum
1060 2228 1160 2379 11111

93 2386 164 2446 tum
181 2403 303 2447 novum
321 2385 478 2467 populum
500 2404 604 2466 neque
623 2386 661 2448 ut
681 2384 717 2447 in
736 2383 903 2448 cunabulis
922 2382 1106 2465 vagientem

93 2470 256 2552 relictum,
285 2470 341 2534 sed
365 2469 511 2535 adultum
534 2471 600 2534 iam
623 2473 656 2534 et
678 2492 780 2554 paene
803 2469 981 2552 puberem?
1025 2469 1107 2535 Tum

83 2557 236 2623 Laelius:
263 2557 333 2623 Nos
361 2579 438 2623 1111
464 2558 623 2640 videmus,
651 2560 684 2622 et
711 2557 897 2641 tequidem
925 2557 1108 2642 ingressum

93 2646 221 2711 ratione
254 2645 294 2710 ad
331 2645 563 2729 disputandum
598 2666 683 2711 11111
693 2695 703 2730 ,
741 2667 823 2731 quae
859 2667 1020 2730 nusquam
1057 2650 1108 2710 est

93 2735 128 2799 in
157 2732 355 2798 Graecorum
382 2734 485 2800 libris.
529 2732 616 2799 Nam
643 2734 794 2819 princeps
822 2735 892 2816 ille,
920 2754 983 2818 quo
1010 2755 1107 2799 nemo

93 2825 129 2888 in
151 2822 321 2888 scribendo
348 2823 568 2906 praestantior
589 2823 665 2902 fuit,
693 2844 802 2887 aream
829 2822 893 2887 sibi
916 2822 1046 2906 sumsit,
1073 2823 1107 2886 in

95 2934 159 2996 qua
181 2911 346 2976 civitatem
365 2915 529 2977 extrueret
552 2912 710 2977 arbitratu
734 2933 802 2996 suo,
825 2911 1027 2996 praeclaram
1051 2911 1107 2976 ille

96 2999 225 3084 quidem
247 3000 397 3080 fortasse,
421 3001 476 3066 sed
499 3023 519 3065 a
541 3000 609 3065 rita
631 3000 800 3065 hominnm
824 3000 1051 3065 abhorrentem
1075 3004 1108 3064 et

95 3088 249 3172 moribus,
272 3089 388 3174 reliqui
408 3089 628 3154 disseruerunt
646 3090 715 3154 sine
737 3089 803 3153 ullo
823 3092 911 3153 certo
930 3087 1107 3170 exemplari
1126 3104 1159 3152 aa

93 3177 263 3260 formaque
290 3178 338 3242 rei
365 3178 515 3261 publicae
538 3178 577 3242 de
605 3177 776 3263 generibus
805 3176 898 3241 etde
925 3176 1106 3240 rationibus

96 3265 279 3349 civitatum3
304 3269 340 3330 tu
359 3267 441 3331 mihi
460 3266 579 3331 rideris
597 3270 771 3349 utrumque
789 3266 949 3350 facturus3
968 3286 1002 3329 es
1022 3266 1106 3329 enim

94 3355 142 3418 ita
169 3355 349 3438 ingressus,
381 3359 431 3439 ut,
463 3376 544 3439 quae
567 3356 638 3438 ipse
669 3354 828 3438 reperias,
860 3354 1000 3419 tribuere
1032 3354 1106 3418 aliis

95 3443 190 3507 malis
218 3465 330 3528 quam,
361 3447 399 3508 ut
425 3443 504 3508 facit
532 3444 617 3527 apud
644 3443 815 3508 Platonem
844 3440 1006 3526 Socrates,
1038 3444 1106 3525 ipse

95 3532 217 3616 fingere
236 3534 269 3596 11
290 3531 349 3596 illa
367 3533 405 3597 de
427 3531 518 3597 urbis
542 3533 608 3602 situ
626 3552 757 3597 revoces
776 3532 816 3596 ad
838 3531 1006 3617 rationem,
1026 3551 1107 3616 quae
1128 3522 1169 3712 ι
