2446 3944
562 199 801 264 —378-

168 362 196 426 si
218 380 304 424 mors
328 357 449 422 malum
473 357 529 440 sit,
557 379 628 421 esse
655 356 887 440 sempiternum
914 357 1045 421 malum.
1091 356 1178 424 Nam

167 448 252 514 vitae
285 446 421 510 miserae
453 467 540 510 mors
572 444 645 509 finis
680 466 748 509 esse
780 444 918 529 videtum
951 465 1040 510 mors
1069 446 1100 510 si
1130 449 1178 511 est

168 536 301 617 misera,
323 534 397 598 finis
421 553 490 597 esse
512 532 621 597 nullus
644 535 761 615 potest.
798 529 861 596 Sed
884 532 959 616 quid
982 553 1043 617 ego
1064 531 1177 599 Socra·

166 626 233 687 tem
265 624 322 686 aut
351 621 597 702 Theramenem,
631 621 827 704 praestantis
858 620 945 685 viros
978 621 1113 685 virtutis
1146 625 1177 687 et

168 710 345 793 sapientiae
377 709 494 794 gloria,
527 708 766 774 commemoro?
798 730 870 773 cum
901 707 1176 777 Lacedaemonius

168 797 312 881 quidam,
340 799 429 862 cuius
456 817 497 860 ne
519 817 639 860 nomen
662 797 791 880 quidem
813 796 980 879 proditum
1003 799 1069 879 est,
1094 817 1176 862 mor·

166 889 233 950 tem
251 888 421 968 tantopere
440 883 678 966 contempserit,
697 886 741 967 ut,
765 906 837 948 cunr
855 882 898 948 ad
916 905 987 949 eam
1006 883 1177 949 duceretur

168 973 337 1038 damnatus
356 973 397 1037 ab
421 971 549 1055 ephoris
569 975 601 1034 et
619 974 705 1036 esset
727 972 819 1036 voltu
841 971 940 1035 hilari
960 974 1059 1056 atque
1081 972 1177 1056 laeto,

167 1061 363 1144 dixissetque
383 1059 412 1124 ei
431 1060 559 1143 quidam
578 1059 739 1123 inimicus:
759 1057 1049 1124 ‘Contemnisne
1068 1060 1176 1144 leges

167 1146 387 1233 Lycurgit',
408 1147 623 1230 responderit:
656 1145 751 1231 ‘Ego
774 1168 864 1212 vero
887 1147 949 1211 illi
971 1148 1177 1212 maximam

169 1236 336 1321 gratiam
365 1235 502 1317 habeo,
531 1234 596 1318 qui
626 1255 681 1298 me
712 1256 754 1298 ea
783 1255 906 1318 poena
936 1235 1177 1318 multaverit,

168 1346 278 1409 quam
302 1324 383 1388 sine
405 1321 647 1386 mutuatione
670 1326 707 1386 et
730 1322 812 1387 sine
835 1344 995 1387 versura
1024 1344 1178 1404 possem

169 1409 404 1476 dissolvere?
450 1410 476 1475 Ο
500 1410 604 1474 virum
627 1406 745 1492 Sparta
768 1409 913 1493 dignum!
942 1413 980 1474 ut
1002 1410 1085 1475 mihi
1109 1411 1177 1495 qui-

167 1499 253 1583 dem,
277 1500 331 1584 qui
349 1502 418 1563 tam
437 1518 557 1582 magno
576 1497 683 1562 animo
702 1497 813 1580 fuerit,
831 1499 984 1562 innocens
1003 1498 1177 1563 damnatus

115 1600 165 1650 101
190 1609 260 1652 esse
295 1587 449 1651 rideatur.
502 1584 592 1649 Talis
626 1585 871 1650 innumerabilis
909 1587 1023 1650 nostra
1062 1586 1177 1651 civitas

167 1676 253 1739 tulit.
306 1673 368 1740 Sed
399 1673 474 1757 quid
508 1673 602 1737 duces
635 1675 668 1736 et
697 1673 859 1757 principes
890 1673 1072 1757 nominem,
1105 1695 1178 1739 cum

167 1763 312 1846 legiones
332 1761 453 1826 scribat
471 1758 552 1824 Oato
572 1781 667 1843 saepe
690 1760 805 1825 alacris
825 1761 859 1825 in
877 1783 949 1826 eum
971 1760 1083 1826 locum
1105 1783 1178 1845 pro-

167 1849 284 1929 fectas,
315 1849 399 1912 unde
431 1847 590 1912 redituras
624 1869 657 1911 se
689 1869 755 1913 non
788 1848 1043 1913 arbitrarentur?
1102 1849 1179 1915 Pari

167 1936 295 2088 animoS
308 1934 554 1999 Lacedaemonii
587 1935 621 1998 in
653 1935 878 2019 Thermopylis
910 1936 1112 2020 occiderunt,
1145 1938 1179 2002 in

168 2046 249 2107 quos
296 2023 468 2088 imonides:

234 2144 318 2229 Dic,
354 2144 507 2228 hospes,
544 2142 705 2229 Spartae
741 2168 810 2210 nos
853 2149 890 2210 te
931 2145 992 2210 hic
1029 2147 1178 2212 vidisse

908 2234 1090 2317 iacentis,

279 2319 374 2384 Dum
398 2321 543 2385 sanctis
566 2321 718 2404 patriae
742 2320 893 2405 legibus
920 2322 1179 2405 obsequimur.

170 2460 268 2542 [Quid
304 2461 359 2525 ille
396 2461 460 2524 dux
496 2459 652 2524 Leonidas
690 2460 790 2525 dicit?
846 2460 1015 2544 ‘Pergite
1048 2463 1178 2527 animo

168 2549 278 2632 forti,
307 2548 616 2630 Lacedaemonii,
648 2547 760 2613 hodie
793 2549 889 2632 apud
921 2549 1069 2613 inferos
1100 2549 1178 2614 for·

169 2641 273 2702 tasse
301 2634 540 2737 cenabimus?
584 2635 662 2699 Fuit
683 2635 762 2736 haec
785 2656 863 2720 gens
886 2635 993 2718 fortis,
1018 2636 1096 2701 dum
1117 2637 1179 2720 Ly-

169 2747 274 2878 retr
287 2723 1179 2896 tibitiihthdaqugttiaitui'siitmpsstii

170 2901 384 2966 iaculorum
402 2898 651 2963 multitudine
670 2901 708 2962 et
726 2898 959 2983 sagittarum
977 2921 1052 2964 non
1073 2900 1179 2965 vide·

170 2987 300 3072 bitis',
324 2987 382 3052 ‘In
404 2987 537 3051 umbra
559 2983 710 3070 igitur',
740 2986 860 3070 inquit,
883 2985 1179 3072 ‘pugnabimus’

119 3091 169 3139 102
193 3077 290 3143 Viros
324 3095 552 3156 commemor03
585 3074 691 3157 qualis
723 3074 853 3138 tandem
891 3073 1059 3139 Lacaena?
1097 3096 1179 3160 quae

171 3187 243 3230 cum
261 3165 363 3229 filium
381 3164 417 3227 in
429 3162 589 3246 proelium
602 3162 744 3226 misisset
757 3165 789 3223 et
807 3162 1009 3226 interfectum
1026 3163 1180 3246 audisset,

171 3251 366 3333 ‘Idcirco',
392 3250 510 3335 inquit,
539 3248 774 3334 ‘genueram
803 3252 845 3314 ut
871 3254 987 3331 esset,
1013 3249 1078 3333 qui
1110 3271 1179 3336 pro

170 3340 299 3421 patria
321 3341 480 3402 mortem
502 3358 576 3403 non
600 3337 798 3402 dubitaret
820 3335 1067 3402 occumbere'.

117 3430 161 3494 43
237 3425 332 3509 Esto,
363 3425 464 3490 fortes
497 3428 530 3490 et
562 3425 632 3490 duri
665 3423 860 3508 Spartiatae3
893 3445 1045 3509 magnam
1078 3424 1181 3490 habet

171 3511 237 3577 vim
258 3513 305 3576 rei
326 3513 475 3596 publicae
497 3512 678 3597 disciplina.
714 3513 817 3589 Quid?
854 3510 1052 3596 Cyrenaeum
1075 3512 1178 3577 Theo·

85 3566 182 3716 5
