2446 3944
465 203 706 267 -131—

85 363 217 429 lendum
239 367 289 427 est
312 364 480 447 aequabile
504 367 537 428 et
558 367 775 449 temperatum
799 365 955 431 orationis
979 388 1089 452 genus.

84 451 132 516 Et
157 451 191 516 id
218 449 347 535 quidem
373 451 495 516 nemini
521 451 614 517 video
638 451 836 518 Graecorum
864 454 972 519 adhuc
990 454 1090 519 conti-

85 539 188 625 gisse,
214 542 252 603 ut
274 538 360 603 idem
368 526 519 623 'iitroque
541 539 576 605 in
599 561 716 625 genere
739 541 922 606 elaboraret
945 562 1113 624 sequere.

84 631 202 710 turque
226 630 259 691 et
280 627 364 691 illud
385 627 513 693 forense
532 627 657 692 dicendi
680 631 713 692 et
734 627 796 693 hoc
815 629 959 712 quietum
983 628 1089 713 dispu-

84 715 177 779 tandi
205 735 319 801 genus,
346 715 410 780 nisi
437 715 523 781 forte
550 715 736 780 Demetrius
763 715 939 782 Phalereus
966 717 1002 782 in
1027 718 1089 783 hoc

82 824 218 868 numero
241 803 355 868 haberi
376 807 501 889 potest,
524 803 707 888 disputator
731 804 875 888 subtilis,
902 809 1013 871 orator
1034 827 1089 890 pa-

84 913 158 955 rum
179 891 366 975 vehemens,
389 891 491 980 dulcis
513 896 637 975 tamen,
659 894 696 955 ut
715 891 931 976 Theophrasti
954 892 1090 978 discipu-

84 979 154 1042 lum
171 979 277 1062 possis
297 1000 480 1065 agnoscere.
516 979 586 1045 Nos
606 983 714 1044 autem
734 984 890 1063 quantum
903 981 939 1044 in
952 984 1089 1064 utroque

84 1067 332 1151 profecerimus,
365 1068 504 1133 aliorum
531 1067 574 1131 111
605 1067 772 1151 iudicium,
803 1072 975 1151 utrumque
1003 1073 1088 1133 certe

86 1155 188 1219 secuti
211 1176 330 1219 sumus.
366 1154 526 1239 Equidem
549 1158 582 1219 et
595 1155 766 1220 Platonem
790 1156 962 1239 existumo,
985 1156 1014 1219 si
1036 1176 1088 1240 ge·
1107 1172 1125 1220 4

84 1263 147 1307 nus
173 1241 301 1308 forense
325 1242 451 1309 dicendi
476 1247 619 1308 tractare
646 1243 816 1326 voluisset,
843 1243 1034 1328 gravissime
1057 1246 1090 1308 et

85 1329 308 1414 copiosissime
330 1332 476 1414 potuisse
500 1331 617 1415 dicere,
641 1335 674 1396 et
686 1331 956 1413 Demosthenem,
975 1330 1004 1394 si
1021 1330 1090 1414 illa,

85 1440 169 1502 quae
188 1417 357 1483 aPlatone
376 1418 545 1503 didicerat,
566 1420 726 1484 tenuisset
749 1422 782 1483 et
803 1417 1014 1502 pronuntiare
1036 1439 1091 1482 vo·

84 1506 214 1590 luisset,
233 1509 347 1571 ornate
365 1506 594 1590 splendideque
612 1507 718 1572 facere
735 1507 895 1590 potuisse;
915 1505 1090 1589 eodemque

86 1594 183 1658 modo
211 1595 249 1659 de
271 1594 451 1660 Aristotele
479 1598 511 1658 11
533 1594 677 1659 11011111
704 1593 823 1676 iudico,
846 1615 982 1677 quorum
1004 1596 1090 1657 uter·

85 1703 148 1765 que
171 1703 228 1747 1110
252 1682 358 1747 studio
383 1681 560 1746 delectatus
583 1682 779 1766 contempsit
801 1682 949 1746 alterum.

153 1766 216 1833 Sed
246 1792 318 1835 eum
351 1770 539 1835 statuissem
573 1770 712 1835 scribere
744 1770 785 1834 ad
815 1773 849 1834 11
876 1769 1000 1853 aliquid
1028 1769 1131 1835 11112

85 1860 244 1941 tempore,
271 1858 375 1922 multa
401 1858 553 1942 posthae,
576 1858 617 1923 ab
645 1880 682 1923 10
710 1858 809 1923 ordiri
831 1858 969 1922 maxime
992 1857 1090 1940 volui,

85 1946 171 2028 quod
201 1948 234 2009 et
264 1945 365 2010 aetati
394 1949 469 2010 tuae
497 1949 583 2011 11111
610 1945 813 2029 aptissimum
842 1949 874 2010 et
902 1945 1090 2011 auctoritati

85 2054 185 2097 meae.
221 2032 399 2098 Nemeum
417 2035 523 2099 multa
545 2034 667 2098 sintin
688 2033 896 2118 philosophia
920 2038 953 2098 et
976 2033 1089 2119 gravia

86 2123 119 2184 et
140 2121 237 2185 utilia
260 2126 408 2187 accurate
431 2123 622 2206 copioseque
645 2142 665 2185 a
687 2120 892 2205 philosophis
915 2121 1089 2204 disputata,

84 2208 243 2273 latissime
265 2213 376 2293 patere
398 2210 548 2274 videntur
570 2230 621 2292 ea,
649 2230 730 2291 quae
758 2208 796 2273 de
825 2208 940 2273 officiis
968 2208 1090 2273 tradita

86 2296 128 2361 ab
155 2296 222 2361 illis
253 2300 286 2361 et
319 2300 491 2381 praecepta
522 2299 606 2361 sunt.
651 2296 753 2361 Nulla
785 2296 870 2360 enim
897 2296 985 2360 vitae
1012 2317 1088 2378 pars

84 2405 188 2467 neque
210 2384 349 2468 publicis
371 2405 474 2467 neque
496 2385 633 2469 privatis
656 2405 758 2468 neque
780 2383 963 2449 forensibus
986 2404 1089 2466 neque

86 2471 271 2537 domesticis
294 2472 329 2535 in
351 2471 460 2554 rebus,
482 2493 585 2556 neque
603 2472 632 2536 11
650 2476 756 2537 tecum
775 2492 855 2556 agas
879 2470 964 2555 quid,
986 2491 1089 2554 neque

86 2558 115 2624 si
138 2582 210 2624 cum
233 2560 336 2624 altero
359 2559 545 2643 contrahas,
567 2580 682 2625 vacare
705 2559 811 2624 officio
834 2562 957 2643 potest,
982 2559 1018 2623 in
1040 2580 1090 2623 eo·

86 2668 148 2730 que
171 2650 205 2711 et
227 2648 360 2712 colendo
380 2647 444 2712 sita
461 2647 549 2712 vitae
568 2651 618 2710 est
636 2646 790 2711 honestas
809 2647 913 2711 omnis
933 2650 966 2710 11
982 2647 1089 2731 negle-

87 2734 192 2820 gendo
214 2733 392 2818 turpitudo.
437 2735 546 2819 Atque
572 2734 652 2798 haec
682 2733 812 2816 quidem
835 2733 982 2817 quaestio
1007 2747 1125 2798 com-5

86 2822 193 2887 munis
230 2825 280 2886 est
318 2822 461 2888 omnium
492 2821 774 2906 philosophorum3
811 2822 882 2904 quis
915 2824 965 2884 111
995 2819 1090 2904 enim,

86 2910 143 2994 qui
164 2910 263 2974 nullis
287 2909 386 2975 officii
407 2910 589 2995 praeceptis
612 2908 778 2973 tradendis
800 2908 1032 2992 philosophum
1056 2929 1090 2972 se

85 2998 203 3064 audeat
226 2998 352 3064 dicere?
389 2995 450 3062 Sed
474 3001 550 3062 sunt
567 3019 633 3063 non
655 2997 765 3061 nullae
787 2996 985 3080 disciplinae,
1008 3017 1090 3079 quae

84 3086 262 3171 propositis
285 3086 444 3151 bonorum
467 3088 500 3149 et
519 3087 679 3150 malorum
697 3084 816 3148 finibus
835 3083 978 3148 officium
996 3106 1015 3149 0

84 3178 281 3259 pervertant.
326 3173 412 3238 Nam
440 3172 496 3257 qui
523 3195 683 3239 summum
710 3173 831 3237 bonum
865 3172 911 3237 111
937 3171 1017 3237 insti

84 3265 123 3326 ut
145 3261 228 3326 nihil
256 3262 376 3326 habeat
403 3283 475 3327 cum
502 3262 624 3327 virtute
651 3260 872 3346 coniunctum,
898 3260 995 3344 idque

85 3350 277 3433 commodis,
308 3371 374 3414 non
399 3349 570 3415 honestate
597 3349 740 3432 metitur,
766 3347 832 3434 hic,
865 3348 893 3413 si
924 3348 987 3414 sibi
1019 3348 1033 3415 i

85 3437 268 3503 consentiat
291 3441 324 3501 et
346 3459 412 3502 non
433 3437 595 3503 interdum
614 3442 750 3503 naturae
768 3437 916 3503 bonitate
932 3436 963 3505 v'

83 3547 188 3610 neque
211 3525 388 3591 amicitiam
410 3526 515 3592 colere
537 3526 642 3612 possit
669 3545 728 3591 nec
749 3523 910 3593 iustitiam
1003 3536 1006 3543 '
