2446 3944
545 166 785 230 -408-

163 351 379 412 mereamus,
397 328 453 394 sed
469 331 507 393 ut
523 348 708 412 numquam.
743 324 857 410 Neque
875 326 969 410 enim,
988 327 1044 411 qui
1063 349 1174 394 rerum

162 422 333 501 naturam,
373 416 429 500 qui
463 416 550 480 vitae
586 415 793 499 varietatem,
832 414 887 499 qui
922 415 1175 481 inbecillitatem

164 507 290 592 generis
320 503 454 569 humani
486 502 625 587 cogitat,
656 505 790 585 maeret,
822 523 895 567 cum
925 501 1006 567 haec
1038 505 1176 588 cogitat,

165 594 221 658 sed
257 596 329 657 tum
363 592 416 657 vel
451 591 591 655 maxime
626 589 805 673 sapientiae
848 589 994 673 fungitur
1030 613 1174 656 munere.

164 680 344 764 Utrumque
363 679 449 743 enim
467 679 684 762 consequitur,
707 682 744 741 ut
762 681 795 741 et
815 677 1051 743 considerandis
1074 680 1174 743 rebus

164 768 314 834 humanis
341 767 474 850 proprio
505 764 731 849 philosophiae
762 764 888 830 furatur
919 765 1026 830 officio
1053 769 1089 831 et
1120 767 1173 832 ad-

163 857 266 921 versis
293 855 421 920 casibus
452 852 574 937 triplici
605 853 825 917 consolatione
857 857 999 931 sanetur,
1028 854 1173 935 primum

164 942 249 1029 quod
271 965 367 1026 posse
391 941 531 1006 accidere
553 940 608 1005 diu
631 940 800 1024 cogitavit,
823 961 905 1024 quae
926 941 1084 1025 cogitatio
1108 963 1175 1006 una

163 1032 302 1096 maxime
333 1029 501 1094 molestias
533 1028 637 1092 omnis
668 1030 821 1091 extenuat
852 1030 885 1091 et
915 1027 1023 1111 diluit,
1055 1029 1173 1094 deinde

164 1119 250 1204 quod
284 1118 427 1182 humana
465 1115 598 1181 humane
632 1114 764 1180 ferenda
798 1116 969 1199 intellegit,
1004 1120 1173 1200 postremo

164 1207 250 1290 quod
275 1204 365 1270 videt
390 1204 514 1268 malum
540 1203 665 1267 nullum
692 1224 762 1267 esse
783 1203 848 1267 nisi
873 1204 1014 1286 culpam,
1042 1205 1174 1288 culpam

164 1297 272 1358 autem
301 1293 424 1357 nullam
456 1313 540 1374 esse,
572 1312 645 1355 cum
676 1288 723 1372 id,
755 1290 841 1374 quod
872 1291 914 1355 ab
945 1290 1079 1355 homine
1106 1314 1174 1357 non

111 1401 146 1452 as
164 1380 308 1465 potuerit
325 1379 498 1463 praestari,
517 1379 666 1443 evenerit.
702 1376 788 1442 Nam
805 1379 968 1443 revocatio
985 1379 1053 1461 illa,
1074 1401 1173 1462 quam

164 1469 281 1552 adfert,
304 1488 377 1532 eum
401 1489 421 1530 a
442 1466 631 1530 contuendis
649 1487 709 1530 nos
730 1466 824 1529 malis
848 1469 975 1549 avocat,
997 1466 1090 1530 nulla
1114 1471 1173 1532 est

121 1575 126 1583 ’
164 1557 241 1622 Non
272 1558 322 1620 est
353 1554 438 1618 enim
469 1554 504 1618 in
534 1557 648 1618 nostra
681 1556 842 1636 potestate
878 1552 1098 1619 fodicantibus
1130 1555 1173 1620 iis

163 1645 273 1725 rebus,
305 1663 383 1726 quas
415 1642 518 1705 malas
552 1657 620 1706 esse
653 1641 832 1725 opinemur,
870 1641 1088 1707 dissimulatio
1120 1643 1173 1707 vel

165 1731 298 1812 oblivio,
330 1731 485 1812 lacerant,
516 1731 648 1810 vexant,
679 1728 828 1793 stimulos
861 1728 1047 1812 admovent,
1083 1731 1172 1814 iguis

164 1818 331 1898 adhibent,
352 1817 511 1899 respirare
533 1838 599 1881 non
622 1816 741 1880 sinunt.
777 1815 822 1880 Ε1
844 1820 881 1880 tu
899 1817 1047 1881 oblivisci
1068 1817 1173 1903 iubes,

165 1905 249 1988 quod
273 1907 386 1968 eontra
408 1909 559 1967 naturam
587 1906 648 1986 est,
674 1905 742 1987 qui,
768 1905 850 1984 qood
875 1925 895 1967 a
918 1908 1036 1968 natura
1058 1905 1172 1971 datum

164 1995 227 2076 est,
249 1991 405 2055 auxilium
424 1994 612 2073 extorqueas
630 1991 801 2055 inveterati
821 1991 963 2056 doloris?
999 1991 1062 2056 Est
1086 1995 1171 2058 enim

163 2078 258 2142 tarda
280 2078 337 2142 illa
359 2077 488 2159 quidem
509 2078 680 2160 medicina,
704 2079 759 2142 sed
781 2082 891 2143 tamen
914 2099 1046 2163 magna,
1073 2102 1170 2164 quam

164 2165 269 2230 adfert
290 2165 512 2248 longinquitas
536 2168 569 2227 et
591 2164 667 2229 dies.
710 2165 808 2230 Iubes
830 2188 881 2231 me
907 2166 994 2231 bona
1016 2169 1171 2253 cogitare,

164 2253 312 2318 oblivisci
334 2252 503 2316 malorum.
538 2251 668 2316 Diceres
688 2253 824 2336 aliquid,
847 2256 879 2317 et
897 2275 1016 2338 magno
1040 2257 1171 2338 quidem

163 2339 357 2424 philosopho
389 2339 535 2424 dignum,
567 2341 595 2404 si
627 2362 666 2403 ea
692 2342 780 2405 bona
806 2362 875 2404 esse
905 2342 1056 2425 sentires,
1089 2365 1171 2428 quac

164 2431 273 2492 essent
294 2427 425 2492 homine
448 2427 645 2511 dignissima.

110 2493 152 2619 ἐξ
230 2514 433 2599 Pythagoras
452 2515 533 2579 mihi
551 2516 580 2579 si
598 2515 718 2580 diceret
742 2521 799 2580 aut
816 2515 964 2581 Socrates
988 2520 1046 2582 aut
1063 2517 1171 2584 Plato:

165 2602 264 2679 ‘Quid
286 2604 371 2666 iaces
391 2606 448 2666 aut
469 2603 545 2687 quid
563 2625 686 2667 maeres
705 2607 761 2667 aut
783 2625 839 2668 cur
862 2605 1045 2670 succumbis
1069 2606 1171 2671 cedis·

164 2713 225 2775 que
247 2689 420 2755 fortunae?
449 2711 530 2773 quac
552 2691 731 2772 pervellere
753 2694 786 2755 19
808 2691 949 2755 forsitan
970 2693 1118 2775 potuerit
1140 2697 1172 2758 et

163 2800 230 2930 {ff
231 2778 1171 2951 smothttiuhltbt?{htttfflhdtal1323

162 2953 225 3016 tibi
253 2953 356 3016 aderit
381 2953 531 3035 princeps
557 2952 729 3037 fortitudo,
761 2975 842 3036 quae
873 2958 906 3017 19
939 2954 1048 3021 animo
1078 2959 1171 3021 tanto

163 3061 232 3104 esse
259 3044 367 3124 coget,
393 3043 431 3103 ut
458 3040 579 3121 omnia,
612 3062 694 3124 quae
724 3041 850 3125 possint
878 3041 1003 3106 homini
1036 3045 1172 3127 evenire,

163 3131 349 3192 contemnas
382 3129 415 3190 et
445 3149 505 3209 pro
536 3128 639 3192 nihilo
671 3132 780 3212 putes;
813 3128 916 3192 aderit
946 3131 1173 3215 temperantia,

163 3236 245 3298 quae
273 3218 323 3278 est
350 3214 462 3278 eadem
485 3215 677 3299 moderatio,
707 3238 726 3279 a
749 3238 800 3280 1119
823 3217 952 3300 quidem
974 3217 1073 3300 paulo
1098 3223 1172 3284 ante

163 3301 326 3383 appellata
343 3301 522 3386 frugalitas,
541 3324 623 3385 quae
640 3307 674 3367 te
692 3304 832 3386 turpiter
849 3307 882 3368 et
899 3305 1048 3387 nequiter
1065 3306 1172 3371 facere

161 3386 245 3450 nihil
273 3389 423 3470 patietur.
473 3388 557 3465 Quid
585 3394 634 3455 est
661 3394 769 3454 autem
795 3392 931 3475 nequius
959 3397 1016 3456 aut
1045 3396 1173 3477 turpius

161 3473 353 3540 ecfeminato
385 3475 477 3540 viro?
530 3475 580 3540 Ne
612 3477 739 3542 iustitia
770 3478 899 3562 quidem
929 3479 1012 3544 sinet
1043 3484 1077 3545 te
1108 3482 1174 3547 ista
