2446 3944
463 198 704 263 ..441-

82 355 254 419 dicandum
286 357 318 419 et
348 377 425 438 prae
458 376 492 419 se
523 355 688 419 ferendum
716 355 767 419 sit.
819 353 942 431 Quibus
970 353 1088 436 positis

83 443 244 527 intellegis
268 442 344 526 quid
363 447 527 527 sequatur,
551 446 584 508 et
605 442 747 527 quidem,
768 441 832 508 nisi
851 464 890 506 ea
907 441 1089 519 vitabeata

83 535 144 612 est,
174 553 254 615 quae
281 533 330 594 est
357 531 468 594 eadem
502 530 652 615 honesta,
684 530 728 595 sit
759 529 847 594 aliud
876 550 1006 595 neeesse
1038 533 1088 594 est

83 618 197 683 melius
226 618 294 683 vita
323 618 434 701 beato,
469 619 555 702 quod
586 619 648 682 erit
675 617 761 682 enim
787 617 971 696 honestum,
1003 621 1088 682 certe

82 706 272 771 fatebuntur
302 727 371 771 esse
400 706 525 771 melius.
576 705 629 770 Ita
658 706 719 770 erit
747 705 844 771 beata
872 705 941 770 vita
972 706 1087 770 melius

84 793 220 877 aliquid,
244 815 306 877 quo
330 793 407 877 quid
429 797 538 876 potest
561 793 624 858 diei
646 793 851 876 perversius?
888 793 993 870 Quid?
1016 814 1089 858 oum

82 881 226 946 fatentur
245 881 325 946 satis
350 901 502 965 maguam
524 881 591 946 vim
614 902 683 946 esse
706 881 742 946 in
763 881 851 945 vitiis
874 881 915 946 ad
936 881 1089 946 miseram

82 970 199 1052 vitam,
217 991 325 1034 nonne
341 969 506 1034 fatendum
525 972 576 1033 est
594 969 726 1033 eandem
744 969 811 1033 vim
828 969 864 1033 iu
881 968 1000 1033 virtute
1019 990 1089 1033 esse

83 1058 123 1121 ad
147 1058 275 1121 beatam
297 1055 420 1122 vitam?
457 1055 700 1121 Contrariorum
721 1056 805 1121 enim
829 1057 991 1122 contraria
1014 1060 1090 1121 sunt

83 1145 318 1228 consequentia.
373 1144 443 1221 Quo
474 1145 545 1209 loeo
578 1165 713 1228 quaero,
744 1166 841 1228 quam
871 1144 938 1208 vim
969 1144 1089 1209 habeat
1107 1155 1140 1205 51

82 1233 167 1296 libra
188 1232 247 1296 illa
270 1230 420 1315 Critolai,
447 1232 503 1316 qui
525 1253 598 1296 oum
624 1231 659 1295 in
681 1232 818 1296 alteram
840 1231 966 1296 lancem
989 1233 1090 1296 animi

82 1321 168 1386 bona
190 1321 351 1403 imponat,
372 1320 407 1383 in
425 1320 561 1384 alteram
579 1320 723 1403 eorporis
742 1323 775 1383 et
793 1322 938 1404 externa,
960 1323 1090 1385 tantum

82 1409 280 1491 propendere
307 1407 397 1472 illam
425 1407 516 1487 [boni
543 1408 682 1488 lancem]
710 1410 813 1490 putet,
841 1411 878 1473 ut
903 1413 1025 1473 terram
1057 1411 1090 1472 et

83 1496 187 1559 maria
210 1495 378 1578 deprimat.

150 1582 234 1659 Quid
249 1603 325 1666 ergo
345 1585 402 1647 aut
418 1583 505 1648 huno
522 1582 675 1666 prohibet
692 1586 749 1646 aut
762 1581 861 1647 etiam
873 1582 1089 1648 Xenocratem
1102 1577 1142 1642 18

83 1671 176 1735 illum
199 1671 427 1754 gravissimum
450 1670 728 1754 philosophorum,
751 1673 1000 1756 exaggerantem
1018 1674 1089 1735 tan-

83 1763 195 1840 topere
212 1758 379 1842 virtutem,
402 1761 627 1823 extenuantem
646 1761 753 1822 eetera
775 1762 808 1822 et
831 1758 1033 1840 obicientem,
1055 1759 1089 1823 in

83 1846 204 1910 virtute
230 1867 296 1910 non
322 1846 451 1910 beatam
474 1846 568 1911 modo
590 1846 705 1928 vitam,
733 1847 788 1911 sed
816 1846 914 1929 etiarn
940 1846 1088 1911 beatissi-

85 1956 172 1997 mam
194 1933 337 2017 ponere'?
360 1933 446 2016 quod
464 1934 591 2018 quidem
610 1933 675 1997 nisi
694 1935 745 2017 fit,
767 1934 924 1998 virtutum
941 1934 1089 1999 interitus

85 2024 306 2105 consequetur.
335 2020 422 2085 Nam
440 2021 475 2085 in
493 2043 588 2105 quem
604 2021 690 2086 eadit
708 2021 884 2106 aegritudo,
901 2022 936 2086 in
954 2022 1089 2087 eundem
1108 2041 1143 2091 52

84 2113 207 2173 metum
239 2109 350 2174 eadere
381 2130 511 2174 neeesse
543 2114 605 2192 est3
637 2114 687 2174 θεὴ
714 2110 800 2174 enim
830 2113 933 2174 metus
963 2110 1091 2174 futurae

84 2196 294 2281 aegritudinis
342 2197 481 2261 sollicita
523 2198 732 2282 exspectati03
773 2198 809 2262 in
849 2219 942 2282 quem
983 2200 1091 2262 autem

84 2289 202 2368 metus,
225 2284 260 2349 in
283 2285 417 2349 eundem
437 2284 592 2367 formido,
614 2285 786 2369 timiditas,
807 2307 923 2368 paror,
945 2285 1090 2370 ignavia,

86 2393 176 2456 ergo,
198 2377 235 2436 ut
252 2372 338 2436 idem
356 2373 502 2436 vincatur
519 2373 680 2437 interdum
698 2394 757 2438 nee
779 2376 871 2456 putet
889 2373 929 2436 ad
948 2394 982 2436 se
999 2393 1090 2456 prae-

86 2463 214 2544 ceptum
236 2460 317 2524 illud
340 2460 433 2524 Atrei
455 2461 628 2543 pertinere:

172 2582 336 2648 Proinde
372 2581 428 2646 ita
462 2586 601 2666 parent
637 2604 675 2647 εθ
710 2583 752 2646 in
787 2580 881 2665 vita,
919 2584 957 2645 ut
989 2581 1091 2646 vinei

816 2670 1001 2734 nesciant.

85 2809 149 2875 Hie
176 2814 284 2874 autem
307 2810 466 2894 vincetur,
493 2814 530 2873 ut
553 2810 629 2888 dixi,
656 2830 714 2873 neo
737 2810 832 2873 modo
855 2809 1013 2890 vincetur,
1036 2807 1092 2872 sed

87 2898 185 2963 etiam
209 2899 337 2981 serviet3
365 2900 400 2962 at
426 2918 485 2962 nos
513 2897 666 2962 virtutem
689 2919 814 2981 semper
839 2896 976 2960 liberam
1002 2895 1091 2960 volu·

85 3008 171 3070 mue,
194 3007 321 3068 semper
343 2985 511 3068 invictam,
535 3006 616 3068 quae
638 2985 703 3049 nisi
726 2989 813 3068 sunt,
837 2983 965 3048 sublata
987 2983 1091 3047 virtus

86 3078 143 3138 est.
188 3073 297 3157 Atque
325 3073 352 3137 si
380 3073 415 3136 in
437 3073 555 3137 virtute
584 3073 664 3137 satis
689 3075 738 3137 θεὴ
764 3071 920 3156 praesidii

85 3160 269 3239 vivendum,
299 3161 377 3224 satis
407 3165 458 3224 est
487 3161 585 3224 etiam
613 3161 653 3225 ad
682 3160 789 3243 beate;
820 3157 901 3225 satis

86 3252 172 3314 certe
190 3249 227 3313 in
244 3249 376 3331 virtute,
399 3251 435 3312 ut
452 3249 582 3313 fortiter
599 3249 758 3332 vivamus,
782 3248 809 3311 si
828 3245 863 3311 fo
897 3244 904 3261 '
929 3246 945 3333 ’-

84 3340 122 3401 ut
152 3356 271 3421 magno
305 3337 429 3416 anime,
462 3339 495 3400 et
526 3335 654 3418 quidem
685 3339 721 3399 ut
751 3334 843 3400 nulla
873 3355 909 3398 re
929 3332 944 3405 ,7,

84 3430 263 3489 terreamur
282 3444 469 3507 semperque
489 3424 588 3487 simus
612 3422 734 3488 invicti.
771 3420 934 3507 Sequitur·

83 3514 261 3598 paeniteat,
288 3511 371 3575 nihil
399 3511 495 3595 desit,
521 3509 607 3575 nihil
628 3509 750 3597 obstet3
776 3530 855 3599 ergo
