2446 3944
530 267 771 332 -458—

147 428 258 505 ‘Quid
282 427 414 510 aliud’,
437 427 542 510 inquit
564 427 770 512 Aristotelea,
794 428 848 492 ‘iu
871 429 994 512 bovis,
1016 450 1093 494 non
1118 430 1160 495 in

146 516 249 600 regis
282 516 459 598 sepulcro
493 516 750 580 inscriberes‘?
804 515 907 581 Haec
938 517 1080 581 habere
1118 540 1158 582 se

147 607 336 669 mortuum
364 603 472 686 dicit,
500 625 594 687 quae
621 625 666 667 ne
693 603 802 667 vivus
833 604 982 687 quidem
1005 605 1156 670 diutius

97 714 145 764 102
169 691 337 756 habebat
356 713 465 774 quam
486 690 707 755 fruebatur?
744 689 810 755 Our
827 693 927 776 igitur
945 693 1077 757 divitiae
1103 694 1157 758 de-

148 781 339 858 siderentur,
368 782 424 844 aut
450 779 507 844 ubi
536 783 711 863 paupertas
734 779 847 844 beatos
871 802 1030 844 essenon
1054 781 1156 845 sinit?

148 866 269 953 Signis,
293 867 401 950 credo,
422 872 452 930 et
472 867 594 931 tabulis
622 866 741 932 studes.
787 865 821 931 Si
844 869 915 951 quis
938 871 1000 950 est,
1024 869 1080 952 qui
1103 868 1156 934 his

148 956 332 1039 delectetur,
349 977 455 1020 nonne
469 955 584 1019 melius
603 959 715 1020 tenues
729 955 876 1020 homines
890 954 1042 1020 fruuntur
1058 978 1157 1040 quam

147 1045 206 1128 illi,
224 1044 279 1128 qui
296 1043 336 1107 iis
356 1042 541 1107 abundant?
575 1042 637 1107 Est
655 1043 740 1107 enim
759 1065 868 1107 earum
884 1065 991 1108 rerum
1010 1044 1156 1109 omnium

146 1134 183 1198 ia
211 1135 324 1196 nostra
352 1131 430 1194 urbe
460 1152 585 1194 summa
614 1132 649 1195 in
675 1131 803 1214 publico
831 1132 933 1214 copia.
978 1131 1069 1206 Quae
1094 1132 1156 1217 qui

147 1220 301 1304 privatim
322 1219 457 1302 habent,
479 1240 538 1282 nec
560 1223 628 1282 tarn
652 1218 755 1282 multa
777 1222 810 1283 et
831 1240 903 1284 raro
926 1219 1049 1301 vident,
1080 1242 1155 1285 cum

147 1309 180 1372 in
201 1330 257 1372 sua
275 1329 351 1371 rura
368 1309 538 1390 venerunt,
558 1329 638 1390 quos
657 1309 766 1370 tamen
783 1308 901 1390 pungit
918 1307 1050 1391 aliquid,
1074 1330 1155 1391 cum,

147 1396 205 1461 illa
223 1395 306 1458 unde
325 1395 479 1476 habeant,
496 1395 712 1459 recordantur.
748 1393 824 1459 Dies
845 1396 985 1479 deficiat,
1009 1395 1038 1460 si
1056 1397 1155 1460 velim

147 1483 348 1568 paupertatis
378 1503 509 1547 causam
535 1482 711 1547 defendere.
756 1483 879 1566 Aperta
906 1484 992 1547 enim
1019 1505 1072 1548 res
1098 1489 1157 1567 est,

149 1576 182 1636 et
200 1571 316 1635 cotidie
334 1591 394 1635 nos
412 1571 484 1654 ipsa
497 1573 613 1634 natura
627 1570 787 1654 admonet,
805 1593 902 1655 quam
915 1571 1038 1656 paucis,
1058 1594 1156 1657 quam

148 1659 259 1742 parvis
281 1658 377 1723 rebus
401 1661 507 1743 egeat,
531 1680 627 1741 quam
649 1658 776 1722 vilibus.

96 1727 138 1791 36
214 1745 301 1811 Num
332 1746 434 1831 igitur
464 1746 652 1829 ignobilitas
685 1749 741 1809 aut
767 1745 933 1810 humilitas
964 1749 1021 1811 aut
1056 1748 1156 1812 etiam

98 1804 315 1918 103popularis
339 1834 473 1898 offensio
497 1834 674 1917 sapientem
700 1834 832 1898 beatum
856 1855 925 1898 esse
948 1835 1156 1917 prohibebit?

148 1922 245 2005 Vide,
270 1943 310 1986 ne
337 1922 410 2004 plus
438 1921 673 1986 commendatio
700 1921 735 1985 iu
762 1922 876 2005 vulgus
901 1926 933 1986 et
955 1922 1049 2006 haec,
1074 1945 1155 2006 quae

149 2011 320 2093 expetitur,
351 2009 457 2095 gloria
488 2010 656 2075 molestiae
687 2008 807 2073 habeat
838 2032 935 2093 quarn
969 2011 1156 2094 voluptatis.

149 2095 319 2162 Leviculus
348 2118 425 2160 sane
451 2100 561 2161 noster
587 2095 835 2180 Demosthenes,
864 2099 918 2180 qui
940 2098 997 2162 illo
1023 2121 1155 2164 susurro

150 2185 302 2248 delectari
335 2205 368 2248 se
401 2184 529 2248 dicebat
556 2207 672 2267 aquam
706 2184 838 2249 ferentis
866 2185 1088 2271 mulierculae,
1121 2191 1157 2251 ut

149 2294 220 2337 mos
243 2272 278 2335 in
297 2270 432 2336 Graecia
455 2275 517 2356 est,
540 2272 834 2356 insusurrantisque
853 2272 960 2337 alteri:
985 2273 1073 2338 ‘Hic
1097 2279 1157 2339 est

149 2360 218 2424 ille
240 2359 540 2424 Demosthenes?
586 2359 669 2435 Quid
691 2361 753 2425 hoc
776 2360 901 2425 levius?
946 2361 992 2425 At
1014 2366 1156 2445 quantus

150 2448 271 2512 orator!
317 2445 379 2511 Sed
402 2447 486 2530 apud
508 2446 590 2512 alios
613 2448 702 2532 loqui
724 2448 874 2512 videlicet
896 2448 1064 2533 didicerat,
1092 2472 1157 2515 non

98 2557 150 2606 104
171 2536 308 2599 multum
340 2535 408 2618 ipse
442 2557 557 2600 secum.
607 2536 861 2621 Intellegendum
889 2540 939 2600 est
966 2538 1067 2620 igitur
1097 2561 1157 2603 nec

150 2625 286 2708 gloriam
317 2624 504 2705 popularem
535 2624 640 2707 ipsam
667 2646 724 2706 per
752 2646 821 2688 sese
853 2624 1066 2706 expetendam
1098 2649 1156 2691 nec

149 2711 389 2796 ignobilitatem
413 2711 688 2776 extimescendam.
735 2711 846 2777 ‘Veni
874 2711 1078 2796 Athenas',
1110 2716 1157 2778 in-

150 2799 220 2884 quit
237 2797 452 2882 Democritus,
475 2798 609 2882 ‘neque
631 2821 687 2863 me
711 2800 911 2882 quisquam
934 2800 989 2863 ibi
1013 2801 1157 2885 adgno-

150 2885 226 2951 vit'
273 2885 483 2952 Constantem
505 2887 669 2951 hominem
691 2890 725 2951 et
747 2907 891 2971 gravem,
918 2888 973 2970 qui
995 2888 1158 2972 glorietur

151 2998 171 3039 a
197 2975 303 3060 gloria
330 2995 364 3038 se
393 2973 525 3038 afuisse!
575 2975 628 3038 An
654 2975 803 3039 tibicines
830 2976 930 3059 iique,
958 2977 1013 3059 qui
1036 2976 1157 3043 fidibus

150 3067 297 3146 utuntur,
320 3083 391 3145 suo,
418 3083 483 3126 uon
505 3062 722 3126 multitudinis
746 3063 882 3128 arbitrio
908 3069 1022 3127 cantus
1044 3087 1158 3130 nume-

150 3172 267 3234 rosque
299 3149 519 3233 moderantur,
550 3151 600 3214 vir
631 3150 773 3234 sapiens,
800 3150 901 3215 multo
932 3155 1001 3214 arte
1034 3154 1159 3219 maiore

151 3239 329 3322 praeditus,
358 3259 425 3302 non
457 3237 534 3321 quid
564 3233 766 3303 verissimum
799 3238 854 3320 sit,
887 3240 941 3302 sed
974 3239 1052 3321 quid
1081 3244 1161 3307 velit

151 3328 279 3411 vulgus,
303 3325 468 3409 exquiret?
512 3324 566 3389 An
591 3327 761 3411 quicquam
784 3327 914 3390 stultius
937 3348 1050 3412 quam,
1078 3352 1160 3415 quos

152 3414 298 3498 singulos
327 3415 411 3478 sicut
439 3414 603 3496 operarios
630 3414 848 3497 barbarosque
871 3417 1077 3501 contemnas,
1106 3442 1161 3484 eos

13 3562 19 3583 Ι.
152 3502 272 3584 aliquid
294 3505 407 3584 putare
431 3522 500 3565 esse
523 3501 711 3566 universos?
756 3501 816 3565 Ille
838 3523 913 3566 vero
936 3507 1067 3568 nostras
1094 3529 1163 3571 am-

65 3589 292 3794 Yitioues
327 3590 538 3673 levitatesque
579 3593 762 3655 contemnet
803 3590 1002 3673 honoresque
1044 3595 1165 3679 populi

101 3749 121 3794 a
