2446 3944
528 227 569 237 ·-
616 188 687 256 178‘
726 228 768 239 ·-

143 382 219 424 nem
242 361 275 423 et
297 359 470 442 praecepta
492 355 666 439 desiderat3
690 348 771 440 quae
790 359 899 421 autern
921 379 1023 441 parva
1040 357 1149 422 viden-

144 451 199 511 tur
222 467 291 510 esse
316 444 433 508 delicta
455 466 558 528 neque
582 467 602 508 a
620 444 732 509 multis
755 444 905 530 intellegi
927 449 1080 529 possunt,
1108 445 1150 510 ab

144 535 185 598 iis
217 537 267 598 est
298 531 487 617 diligentius
520 531 752 597 declinandum.
802 531 850 596 Ut
880 533 916 595 in
945 532 1065 598 fidibus
1094 538 1151 597 aut

144 621 249 704 tibiis,
273 620 419 704 quamvis
441 619 576 703 paulurn
595 619 791 704 discrepent,
808 624 920 684 tamen
938 619 973 683 id
991 643 1011 685 a
1029 621 1151 686 sciente

145 708 358 774 animadverti
381 707 479 791 solet,
508 707 554 772 sio
576 707 749 773 videndum
777 711 828 772 est
854 707 889 771 in
910 707 980 772 vita
1002 708 1151 773 neforto

145 797 221 881 quid
244 796 418 880 discrepet,
440 796 492 859 vel
515 795 619 860 multo
643 795 743 859 etiam
761 794 881 880 magis,
904 817 967 878 quo
991 795 1095 861 maior
1117 801 1152 861 et

90 855 143 980 {1416
157 884 273 948 melior
296 884 459 948 actionum
483 905 580 966 quam
609 904 761 947 sonorum
784 887 959 947 concentus
983 887 1041 948 est.
1085 882 1151 948 Ita·

145 994 219 1056 que,
246 975 283 1035 ut
309 972 344 1035 in
371 972 489 1036 fidibus
512 970 708 1035 musicorum
732 992 826 1035 aures
849 971 901 1035 vel
924 971 1059 1036 minima
1082 992 1151 1036 sen·

140 1061 238 1142 ,tiunt,
262 1059 308 1123 sic
328 1060 398 1142 nos,
422 1059 449 1122 si
468 1062 558 1123 acres
578 1080 615 1122 ac
633 1058 806 1143 diligentes
826 1059 1064 1124 essevolumus
1083 1061 1150 1123 ani-

143 1148 457 1230 madversores[que]
478 1145 642 1229 vitiorum,
665 1167 785 1231 magna
803 1167 898 1231 saepe
921 1146 1150 1231 intellegemus

143 1258 183 1300 ex
204 1236 322 1320 parvis.
358 1234 409 1298 Ex
433 1234 599 1298 oculorum
618 1236 744 1318 optutu,
764 1233 1008 1318 superciliorum
1029 1238 1085 1298 aut
1103 1257 1151 1299 re

143 1323 297 1388 missione
320 1326 377 1387 aut
395 1321 629 1405 contractione,
652 1342 691 1385 ex
708 1321 889 1405 maestitia,
912 1343 951 1387 ex
973 1322 1151 1406 hilaritate,

144 1433 182 1476 ex
209 1412 291 1495 risu,
320 1432 358 1475 ex
385 1409 562 1493 locutione,
596 1431 635 1473 ex
663 1409 845 1492 reticentia,
873 1431 912 1474 ex
943 1410 1150 1474 contentione

142 1499 241 1582 vocis,
264 1520 303 1563 ex
326 1497 560 1580 summissione,
584 1519 622 1561 ex
641 1497 756 1561 ceteris
777 1497 937 1561 similibus
956 1497 1050 1561 facile
1068 1497 1150 1560 iudi·

143 1587 297 1669 cabimus,
320 1586 397 1669 quid
416 1608 529 1650 eorum
548 1588 623 1670 apte
641 1585 709 1668 fiat,
733 1585 810 1668 quid
828 1586 869 1650 ab
889 1584 995 1650 officio
1018 1588 1149 1649 natura·

144 1696 205 1758 que
228 1674 395 1757 discrepet.
441 1673 510 1747 Quo
534 1673 569 1736 in
591 1692 708 1757 genere
730 1694 797 1737 non
824 1676 874 1736 est
901 1673 1150 1755 incommodum,

144 1761 238 1843 quale
262 1761 402 1843 quidque
425 1782 536 1824 eorum
555 1760 608 1842 sit,
630 1781 670 1824 ex
688 1759 762 1839 aliis
780 1760 931 1845 iudicare,
952 1765 999 1844 ut,
1022 1761 1050 1825 si
1073 1760 1151 1844 quid

143 1847 293 1911 dedeceat
320 1848 354 1910 in
380 1847 462 1931 illis,
492 1848 631 1911 vitemus
662 1846 740 1930 ipsi3
770 1847 809 1910 fit
837 1848 922 1911 enim
949 1849 1057 1913 nescio
1086 1870 1150 1932 quo

143 1933 252 2016 modo,
274 1937 311 1997 ut
333 1935 439 2018 magis
461 1934 497 1996 in
520 1934 593 1997 aliis
617 1954 785 1998 cernamus
809 1956 907 2016 quam
928 1935 964 1999 in
985 1936 1164 2019 nobismet„

142 2021 232 2106 ipsis,
250 2021 278 2084 si
297 2021 373 2105 quid
392 2021 596 2104 delinquitur.
632 2020 747 2102 Itaque
760 2019 925 2084 facillume
942 2022 1151 2106 corriguntur

142 2109 177 2173 in
200 2108 358 2190 discendo,
382 2129 518 2191 quorum
540 2107 622 2172 vitia
644 2107 816 2172 imitantur
838 2107 1028 2172 emendandi
1051 2131 1150 2175 causa

90 2211 140 2259 147
155 2196 315 2280 magistri.
350 2194 419 2260 Nec
436 2216 513 2259 vero
533 2194 673 2258 alienum
693 2198 743 2259 est
761 2195 802 2259 ad
823 2215 862 2259 ea
884 2196 1042 2280 eligenda,
1066 2218 1149 2280 quae

143 2282 378 2348 dubitationem
406 2282 557 2359 afferunt,
589 2281 742 2346 adhibere
775 2283 886 2347 doctos
917 2283 1065 2348 homines
1095 2287 1150 2349 vel

143 2371 241 2436 etiam
264 2392 325 2435 usu
343 2369 465 2454 peritos
488 2372 530 2453 et,
553 2369 629 2452 quid
647 2369 688 2433 iis
708 2369 746 2434 de
766 2392 893 2455 quoque
913 2371 1013 2436 officii
1032 2394 1149 2458 genere

142 2459 282 2543 placeat,
311 2457 483 2541 exquirere.
528 2456 633 2522 Maior
661 2457 747 2522 enim
774 2480 851 2543 pars
875 2481 912 2524 eo
940 2459 1007 2524 fere
1031 2460 1149 2524 deferri

142 2547 235 2629 solet,
259 2567 322 2628 quo
346 2567 366 2608 a
387 2548 504 2609 natura
526 2545 599 2630 ipsa
622 2545 798 2610 deducitur.
838 2545 878 2610 In
900 2548 1018 2631 quibus
1040 2549 1149 2613 viden-

143 2635 219 2698 dum
242 2636 302 2716 est,
323 2654 390 2697 non
413 2633 508 2697 modo
532 2633 608 2716 quid
628 2633 763 2716 quisque
784 2634 947 2718 loquatur,
970 2636 1026 2700 sed
1050 2637 1148 2700 etiarn

144 2722 220 2806 quid
243 2721 378 2804 quisque
406 2721 525 2785 sentiat
551 2724 648 2804 atque
672 2721 771 2785 etiarn
795 2721 833 2785 de
857 2744 921 2806 qua
944 2745 1041 2787 causa
1064 2724 1149 2807 quis·

144 2833 204 2894 que
227 2809 357 2874 sentiat.
400 2807 447 2872 Ut
469 2809 555 2873 enim
577 2809 718 2893 pictores
742 2813 775 2873 et
796 2809 833 2893 ii,
857 2810 912 2893 qui
935 2812 1029 2896 signa
1051 2811 1149 2875 fabri-

143 2901 270 2980 cantur,
301 2900 334 2960 et
362 2917 438 2961 vero
466 2897 566 2961 etiam
591 2900 708 2981 poetae
736 2919 830 2961 suum
858 2898 992 2981 quisque
1021 2921 1101 2983 opus
1130 2922 1150 2964 a

142 2986 242 3070 vulgo
267 2983 462 3049 considerari
484 2985 564 3068 vult,
587 2988 636 3068 ut,
660 2985 688 3048 si
710 2985 787 3068 quid
809 2986 1040 3070 reprehensum
1064 2988 1107 3050 sit
1131 3010 1151 3051 a

142 3073 299 3156 pluribus,
318 3072 351 3135 id
370 3071 560 3156 corrigatur,
577 3072 664 3156 iique
684 3077 718 3138 et
735 3095 844 3138 secum
862 3077 895 3137 et
910 3075 950 3137 ab
971 3074 1053 3158 aliis,
1072 3074 1151 3158 quid

142 3160 176 3223 in
200 3182 237 3224 eo
256 3164 424 3244 peccatum
443 3159 496 3243 sit,
519 3160 699 3243 exquirunt,
723 3161 769 3226 sic
788 3161 926 3226 aliorum
944 3162 1061 3226 iudicio
1080 3185 1151 3247 per·

143 3247 247 3311 multa
273 3247 368 3311 nobis
398 3250 431 3310 et
457 3247 603 3312 facienda
626 3252 658 3312 et
680 3248 914 3314 nonfacienda
938 3253 971 3313 et
993 3250 1150 3315 mutanda

90 3349 142 3398 148
158 3338 190 3397 et
217 3334 408 3419 corrigenda
436 3339 519 3400 sunt.
564 3334 653 3410 Quae
679 3358 756 3401 vero
784 3359 873 3401 more
897 3341 1035 3422 agentur
1057 3337 1150 3401 insti-

143 3421 287 3504 tutisque
311 3422 469 3506 civilibus,
491 3422 530 3487 do
551 3422 592 3486 iis
614 3423 697 3486 nihil
721 3427 771 3487 est
793 3424 1068 3509 praecipiendum
1090 3425 1152 3490 illa

143 3509 229 3574 enim
251 3509 324 3594 ipsa
345 3514 519 3595 praecepta
541 3513 629 3595 sunt,
655 3531 715 3576 nec
738 3533 933 3595 quemqnam
954 3513 1016 3578 hoc
1039 3534 1150 3578 errore
