2446 3944
512 188 751 253 —148-

129 356 234 420 multa
259 354 345 418 enim
372 357 448 418 sunt
474 351 598 418 civibus
625 352 710 416 inter
733 374 767 416 sc
791 351 986 435 communia,
1016 332 1145 440 forum,

128 442 214 525 fana,
234 441 387 525 porticus,
409 440 490 524 viae,
512 441 611 525 leger,
633 439 714 522 iura,
731 439 857 523 iudicia,
878 439 1042 525 suffragia,
1061 463 1136 507 con·

129 529 313 594 suetudines
340 531 508 613 praeterea
535 531 569 592 et
594 526 835 592 familiaritates
862 527 1037 611 multisque
1061 551 1136 594 cum

128 617 241 682 multis
264 638 315 680 res
338 617 543 700 rationesque
570 618 763 680 contractae.
809 615 922 679 Artior
944 637 1021 680 vero
1045 617 1136 681 colli·

130 705 220 790 gatio
248 708 298 769 cst
326 704 490 769 societatis
517 703 787 788 propinquorum3
819 705 860 767 ab
886 702 945 767 illa
972 703 1057 767 enim
1084 705 1135 769 in-

128 813 241 857 mensa
257 791 411 856 societate
428 791 563 856 humani
580 791 707 877 generis
725 792 760 854 in
778 791 928 876 exiguum
947 795 1135 876 angustum-

77 895 111 946 54
130 902 192 964 que
215 879 423 944 concluditur.
468 877 554 944 Nam
578 902 650 944 cum
673 879 716 943 sit
740 878 802 943 hoc
824 883 942 943 natura
964 900 1134 944 commune

131 967 356 1051 animantium,
379 971 416 1030 ut
437 965 581 1032 habeant
603 967 780 1031 lubidinem
802 966 1003 1051 procreandi,
1026 967 1135 1051 prima

129 1055 266 1120 societas
280 1056 398 1140 inipso
417 1055 567 1140 coniugio
587 1059 644 1137 est,
662 1054 809 1140 proxima
826 1054 862 1118 in
879 1054 1000 1138 liberis,
1019 1055 1134 1120 deinde

128 1164 194 1208 una
210 1144 333 1227 domus,
350 1143 532 1208 communia
551 1143 672 1224 omuia3
689 1142 721 1205 id
742 1146 849 1206 autem
868 1146 918 1205 cst
937 1142 1134 1226 principium

128 1231 218 1295 urbis
237 1235 270 1295 εὴ
289 1231 381 1314 quasi
400 1231 607 1294 seminarium
621 1230 668 1293 rei
681 1229 836 1313 publicae.
869 1227 1053 1313 Sequuntur
1069 1230 1134 1295 fra·

128 1322 216 1382 trum
244 1319 496 1401 coniunctiones,
523 1320 599 1402 post
626 1317 892 1382 consobrinorum
915 1318 1134 1383 sobrinorum·

129 1427 199 1489 quc,
223 1406 278 1490 qui
296 1428 368 1471 cum
386 1427 450 1470 una
470 1406 564 1485 domo
582 1405 647 1469 iam
667 1405 739 1489 capi
756 1427 822 1469 non
839 1405 975 1490 possint,
995 1406 1032 1469 in
1049 1407 1132 1471 alias

129 1494 241 1558 domos
255 1497 423 1577 tamquam
435 1494 470 1557 in
484 1494 626 1557 colonias
642 1497 767 1557 exeunt.
797 1491 980 1577 Sequuntur
994 1495 1134 1559 conubia

128 1585 162 1646 et
181 1581 373 1665 adfinitates,
396 1581 569 1664 exquibus
589 1581 687 1645 etiam
705 1581 815 1665 plures
838 1582 1025 1666 propinqui,
1049 1604 1132 1665 quae

150 1670 321 1754 repagatio
354 1672 387 1733 et
420 1668 549 1732 suboles
582 1668 674 1753 origo
706 1673 757 1732 est
783 1691 890 1733 rerum
919 1669 1132 1753 publicarum.

127 1690 302 1841 §anguinis
330 1759 437 1821 autem
465 1756 646 1820 coniunctio
677 1760 710 1820 et
741 1757 958 1821 benivolentia
991 1757 1133 1822 devincit

77 1857 108 1909 55
127 1842 274 1907 homines
297 1849 326 1907 et
347 1843 496 1926 caritate3
518 1865 673 1928 magnum
697 1848 746 1908 est
770 1844 854 1908 enim
878 1845 989 1909 eadem
1011 1845 1132 1910 habere

127 1933 336 1995 monumenta
349 1931 517 2013 maiorum,
531 1931 651 1994 eisdem
665 1931 714 1994 uti
729 1932 837 2015 sacris,
852 1934 1000 2016 scpulcra
1010 1932 1131 1998 habere

127 2017 317 2083 communia
354 2016 416 2082 Sed
434 2018 578 2082 omnium
597 2018 788 2083 societatum
806 2020 897 2084 nulla
910 2021 1131 2103 praestantior

127 2109 185 2188 est,
204 2105 295 2168 nulla
312 2105 445 2190 firmior,
464 2128 560 2189 quam
578 2127 651 2170 cum
669 2106 732 2170 viri
749 2107 826 2171 boui
843 2108 987 2173 moribus
1007 2109 1130 2173 similes

127 2196 203 2257 sunt
215 2192 439 2257 familiaritate
453 2193 627 2276 coniuncti3
644 2194 727 2257 illud
741 2195 826 2259 enim
840 2194 1025 2279 honestum,
1045 2197 1131 2281 quod

127 2300 222 2365 saepe
246 2279 389 2364 dicimus,
413 2280 511 2345 etiam
534 2281 562 2345 si
584 2281 617 2345 in
640 2282 704 2345 alio
723 2283 890 2366 cernimus,
914 2286 1050 2364 [tamen]
1069 2306 1130 2349 nos

126 2370 236 2432 movet
264 2371 360 2450 atquc
386 2368 450 2452 illi,
480 2369 515 2432 in
547 2390 610 2452 quo
642 2368 676 2433 id
702 2370 806 2434 inesse
838 2371 977 2455 videtur,
1009 2372 1129 2437 amicos

77 2468 107 2519 to
126 2454 214 2519 facit.
258 2454 303 2519 Et
331 2476 524 2538 quamquam
552 2457 656 2520 omnis
686 2457 790 2521 virtus
817 2479 877 2522 nos
905 2459 1003 2522 adse
1027 2460 1131 2525 allicit

125 2541 280 2626 facitque,
307 2546 344 2606 ut
367 2565 422 2608 cos
446 2543 632 2629 diligamus,
658 2545 694 2608 in
721 2545 837 2628 quibus
864 2546 935 2629 ipsa
957 2547 1062 2610 inesse
1085 2548 1131 2612 vi·

127 2630 249 2713 deatur,
271 2633 382 2695 tamen
403 2631 529 2696 iustitia
552 2636 584 2696 et
607 2632 787 2697 liberalitas
810 2632 844 2696 id
862 2633 1001 2698 maxime
1021 2635 1129 2700 efficit.

125 2716 218 2782 Nihil
237 2721 345 2782 autem
363 2722 413 2783 est
432 2719 603 2783 amabilius
621 2741 680 2784 nec
693 2721 876 2803 copulatius
892 2742 988 2804 quam
1002 2744 1130 2787 morum

126 2804 304 2870 similitudo
319 2806 491 2890 bonorum3
508 2806 543 2871 in
557 2807 672 2891 quibus
688 2808 773 2871 enim
791 2807 903 2873 eadem
922 2810 1029 2874 studia
1045 2815 1130 2894 sunt,

126 2893 256 2958 eaedem
278 2894 477 2978 voluntates,
503 2895 538 2958 in
559 2895 600 2959 iis
622 2896 660 2959 fit
682 2899 720 2960 ut
743 2917 842 2980 aeque
866 2897 1001 2981 quisque
1025 2899 1129 2963 altero

126 2981 302 3047 delectetur
321 3004 358 3047 ac
376 3003 410 3046 sc
433 2982 513 3066 ipso,
537 2982 737 3067 efficiturque
755 2984 797 3061 id,
821 2984 906 3068 quod
923 2984 1129 3071 Pythagoras

124 3070 196 3132 vult
213 3069 248 3134 in
266 3069 418 3153 amicitia,
436 3072 473 3133 ut
491 3092 572 3135 unus
590 3071 649 3136 fiat
663 3093 701 3136 ex
715 3072 872 3155 pluribus.
894 3072 1016 3158 Magna
1030 3074 1131 3139 etiam

125 3154 184 3219 illa
202 3157 416 3221 communitas
435 3161 493 3241 est,
517 3179 597 3241 quae
617 3160 784 3224 conficitur
803 3182 841 3225 ex
860 3161 1021 3225 beneficiis
1040 3162 1129 3227 ultro

126 3245 159 3304 et
186 3242 266 3307 citro
290 3243 375 3309 datis
399 3245 547 3330 acceptis,
574 3269 655 3330 quac
683 3251 716 3311 et
743 3251 856 3312 mutua
879 3253 912 3313 et
935 3252 1030 3334 grata
1053 3250 1130 3315 dum

125 3333 210 3413 sunt,
232 3329 318 3395 inter
341 3352 421 3414 quos
445 3354 482 3397 ea
505 3337 589 3418 sunt,
611 3333 705 3399 firma
723 3335 947 3401 devinciuntur
966 3337 1130 3404 societate.

215 3438 288 3481 cum
316 3420 425 3484 omnia
447 3420 572 3485 ratione
596 3421 765 3507 animoque
793 3425 958 3507 lustraris,
985 3426 1131 3492 omnium

125 3410 318 3711 rietatum
344 3508 436 3572 nulla
459 3511 509 3574 est
537 3509 681 3591 gravior,
706 3511 798 3577 nulla
825 3512 929 3579 carior
957 3534 1054 3594 quam
1081 3536 1131 3595 ea,
