2446 3944
530 186 770 252 -370—

154 345 290 409 aliorum
318 342 478 406 clarorum
504 343 661 423 virorum,
688 362 768 424 quos
795 341 878 405 nihil
910 341 1028 405 attinet
1054 343 1164 408 nomi·

151 452 244 514 nare,
275 433 410 514 nepotes
442 433 475 494 et
505 429 574 494 filii.
632 427 694 493 Sed
726 429 803 513 quid
835 429 984 513 agimus?
1021 429 1163 495 oblitine

153 540 263 584 sumus
285 518 346 583 hoc
367 538 452 583 nunc
474 517 568 582 nobis
589 538 659 581 erse
681 516 896 601 propositum,
920 538 992 581 cum
1016 517 1097 581 satis
1121 518 1164 584 de

152 606 343 671 aeternitate
365 606 569 688 dixissemus,
591 627 631 669 ne
655 605 683 668 si
705 605 876 669 interirent
898 605 1027 687 quidem
1048 605 1165 691 animi,

153 695 324 778 quiequam
345 694 425 758 mali
448 712 519 758 esse·
539 693 575 756 in
597 692 723 757 morte?

218 782 259 846 A.
285 781 357 865 Ego
385 803 461 847 vero
489 780 712 863 memineram,
743 781 799 845 sed
830 784 863 844 te
895 781 934 844 de
967 781 1163 845 aeternitate

152 869 309 934 dicentem
333 870 482 934 aberrare
505 891 525 933 a
546 869 713 951 proposito
736 868 832 932 facile
854 868 1012 951 patiebar.

100 927 144 990 34
218 963 262 1021 M.
290 956 394 1022 Video
429 960 462 1021 te
499 957 564 1020 alte
601 957 745 1040 spectare
782 960 815 1020 et
849 956 932 1019 velle
967 956 1003 1019 in
1035 956 1164 1021 caelum

100 1005 134 1056 82
152 1045 302 1128 migrare.
347 1043 446 1128 Spero
469 1043 539 1108 fore
560 1045 598 1107 ut
620 1045 789 1127 contingat
811 1044 845 1107 id
867 1044 971 1108 nobis.
1012 1040 1075 1107 Sed
1098 1043 1164 1130 fac,

152 1137 190 1197 ut
215 1131 272 1196 isti
298 1132 425 1214 volunt,
457 1132 581 1196 animos
608 1151 674 1195 non
702 1153 868 1195 remanere
899 1134 974 1214 post
1005 1134 1162 1216 mortem3

152 1221 245 1286 video
267 1242 341 1303 nos,
364 1220 392 1284 si
413 1220 460 1284 ita
484 1219 540 1303 sit,
561 1218 683 1302 privari
702 1240 759 1302 spe
781 1219 936 1284 beatioris
955 1218 1054 1303 vitae3
1079 1220 1163 1284 mali

153 1329 228 1372 vero
247 1308 322 1392 quid
341 1307 445 1372 adfert
462 1307 527 1372 ista
545 1307 729 1371 sententia?
759 1306 824 1372 Fac
845 1307 931 1371 enim
950 1306 995 1370 sic
1015 1307 1163 1372 animum

152 1395 298 1479 interire,
320 1399 357 1459 ut
381 1416 511 1478 corpus;
534 1416 612 1458 num
634 1394 734 1479 igitur
757 1394 874 1479 aliquis
897 1395 988 1458 dolor
1012 1398 1069 1458 aut
1093 1417 1162 1460 om-

22 1538 24 1543 ,
151 1483 229 1547 nino
257 1485 492 1566 postmortem
519 1503 632 1546 sensus
655 1483 691 1546 in
718 1503 851 1565 corpore
875 1482 945 1547 est?
989 1480 1096 1546 Nemo
1126 1483 1161 1547 id

153 1571 282 1653 quidem
313 1570 403 1653 dicit,
435 1570 495 1634 etsi
527 1569 748 1633 Democritum
783 1569 952 1634 insimulat
987 1569 1162 1655 Epicurus,

152 1656 343 1722 Democritii
360 1661 490 1742 negant.
525 1657 558 1722 N
559 1679 576 1721 e
594 1657 628 1721 in
649 1657 756 1721 animo
780 1657 909 1741 quidem
927 1657 1028 1741 igitur
1046 1679 1162 1724 sensus

153 1749 310 1827 remanet3
339 1745 409 1828 ipse
432 1745 517 1808 enim
539 1765 699 1828 nusquam
722 1748 779 1808 est.
823 1744 890 1809 Ubi
913 1745 1015 1829 igitur
1037 1747 1162 1811 malum

154 1837 215 1914 est,
246 1832 398 1916 quoniam
428 1832 510 1895 nihil
541 1832 674 1896 tertium
705 1831 776 1896 est?
808 1853 850 1896 an
878 1832 1058 1915 [quoniam]
1089 1834 1161 1917 ipse

154 1919 254 1983 animi
280 1919 439 1983 discessus
467 1941 486 1982 a
513 1940 647 2002 corpore
673 1941 740 1984 non
767 1919 805 1983 fit
832 1920 901 1983 sine
929 1920 1061 1985 dolore?
1114 1921 1163 1986 Ut

154 2006 279 2071 credam
305 2006 353 2069 ita
379 2027 462 2089 esse,
490 2028 585 2089 quam
609 2009 659 2070 est
687 2007 721 2070 id
743 2007 908 2091 exiguum!
953 2005 1015 2072 Sed
1037 2007 1161 2073 falsum

153 2115 222 2158 esse
246 2093 398 2177 arbitror,
421 2097 454 2158 et
479 2094 518 2157 fit
543 2095 732 2178 plerumque
755 2095 824 2159 sine
847 2115 956 2178 sensu,
978 2116 1045 2159 non
1066 2118 1161 2160 num-

153 2203 250 2266 quam
279 2181 377 2245 etiam
404 2203 476 2244 cum
505 2181 683 2264 voluptate,
709 2186 877 2266 totumque
908 2183 970 2247 hoo
1001 2183 1071 2248 leve
1100 2189 1162 2268 est,

101 2290 135 2338 83
155 2270 383 2353 qualecumque
402 2273 464 2352 est,
483 2270 520 2332 fit
538 2270 625 2334 enim
644 2270 684 2334 ad
702 2274 857 2353 punctum
875 2270 1040 2352 temporis.
1071 2270 1160 2336 Illud

155 2357 246 2440 angit
272 2358 323 2421 vel
349 2356 458 2441 potius
486 2358 658 2422 excruciat:
686 2359 844 2423 discessus
870 2359 911 2426 ab
935 2358 1085 2424 omnibus
1109 2360 1160 2443 iis,

154 2465 235 2528 quae
254 2448 329 2508 sunt
346 2446 433 2510 bona
450 2445 485 2509 in
502 2445 579 2509 vita.
614 2444 711 2528 Vide,
733 2468 775 2510 ne
796 2445 827 2509 ‘a
846 2445 951 2510 malis'
971 2447 1033 2510 dici
1052 2448 1160 2511 verius

153 2532 265 2614 possit
301 2531 385 2608 Quid
404 2553 464 2618 ego
481 2554 566 2597 nunc
584 2533 712 2617 lugeam
730 2533 832 2597 vitam
849 2533 1041 2597 hominum?
1073 2533 1159 2598 Vere

154 2623 187 2683 et
213 2617 282 2683 iure
308 2641 454 2705 possum,
483 2621 539 2685 sed
564 2621 640 2705 quid
662 2642 791 2685 necesse
814 2623 877 2703 est,
902 2642 975 2685 cum
997 2620 1030 2683 id
1053 2641 1160 2705 agam,

152 2729 194 2771 ne
225 2709 301 2791 post
331 2711 469 2771 mortem
500 2709 635 2774 miseros
666 2730 726 2773 nos
758 2712 907 2792 putemus
938 2709 1020 2791 fore,
1059 2710 1159 2773 etiam

151 2795 252 2859 vitam
280 2794 405 2859 efficere
432 2795 627 2878 deplorando
654 2797 876 2861 miseriorem?
919 2795 1067 2860 Fecimus
1095 2796 1159 2861 hoo

152 2882 187 2946 in
211 2905 248 2947 eo
271 2883 369 2966 libro,
391 2883 510 2967 inquo
533 2885 784 2967 nosmetipsos,
807 2886 963 2969 quantum
982 2885 1159 2967 potuimus,

153 2971 313 3036 consolati
340 2992 459 3035 sumus.
508 2971 539 3034 A
565 2972 659 3036 malis
686 2971 786 3055 igitur
809 2993 896 3036 mors
920 2971 1064 3055 abducit,
1092 2993 1160 3036 non

153 3059 301 3141 abonis,
324 3079 436 3122 verum
458 3058 487 3122 si
510 3060 702 3142 quaerimus.
746 3059 792 3123 Et
821 3059 949 3144 quidem
971 3059 1034 3124 hoc
1057 3082 1077 3124 a
1101 3057 1160 3142 Cy-

152 3146 282 3210 renaico
310 3144 451 3229 Hegesia
478 3146 524 3211 sic
552 3148 681 3230 copiose
708 3147 904 3231 disputatur,
930 3150 967 3211 ut
989 3147 1017 3211 is
1041 3169 1061 3210 a
1083 3167 1159 3231 rege

151 3233 341 3298 Ptolomaeo
355 3232 538 3317 prohibitus
558 3256 627 3299 esse
644 3235 768 3299 dicatur
784 3236 842 3300 illa
860 3235 894 3298 in
908 3235 1026 3299 scholis
1045 3234 1160 3317 dicere,

153 3319 238 3400 quod
261 3321 355 3384 multi
377 3320 418 3385 iis
443 3322 561 3386 auditis
584 3326 722 3387 mortem
745 3323 807 3387 sibi
829 3323 893 3406 ipsi
915 3322 1159 3388 consciscerent.

99 3426 134 3476 84
154 3403 344 3471 Callimachi
364 3409 493 3492 quidem
511 3410 710 3494 epigramma
728 3410 763 3474 in
778 3410 1020 3476 Ambraciotam
1033 3409 1158 3476 (lleom-

152 3493 283 3558 brotum
306 3499 367 3579 est,
391 3519 484 3580 quem
507 3498 567 3582 ait,
590 3520 663 3563 cum
682 3498 711 3562 ei
728 3499 812 3562 nihil
836 3499 1005 3564 accidisset
1023 3498 1159 3583 adversi,

61 3584 197 3712 Ἰ
