2446 3944
529 175 770 240 -324-

145 355 243 399 causa
264 331 462 417 peccaveris3
487 353 564 396 narn
587 353 660 396 curn
683 331 885 397 conciliatrix
904 331 1065 396 amicitiae
1091 332 1158 398 vir·

146 420 227 485 tutis
239 420 359 504 'opinio
377 419 485 503 fuerit,
508 418 639 484 difficile
658 423 708 484 est
726 419 903 484 amicitiam
924 441 1063 498 manere,
1086 421 1117 484 si
1136 443 1157 486 a

95 525 128 576 as
146 509 267 574 virtute
285 507 447 572 defeceris.
484 505 606 582 Quodsi
625 511 750 572 rectum
773 507 982 572 statuerimus
1004 507 1057 571 vel
1081 529 1158 573 con·

146 596 257 661 cedere
280 595 405 679 amicis,
432 595 586 679 quidquid
614 594 729 674 velint,
756 596 808 660 vel
835 595 998 679 inpetrare
1035 595 1077 659 ab
1106 596 1158 680 iis,

147 683 302 768 quidquid
323 684 470 767 velimus,
493 682 638 767 perfecta
660 683 789 766 quidem
812 683 972 767 sapientia
996 683 1024 746 si
1043 683 1157 767 simus,

145 772 229 836 nihil
251 772 372 836 habeat
395 792 446 835 res
469 771 555 854 ιιιιι;
579 770 635 834 sed
655 771 819 853 loquimur
838 772 876 835 de
894 771 934 835 iis
955 770 1075 853 amicis,
1100 773 1159 854 qui

148 863 222 924 ante
242 859 353 924 oculos
372 862 457 942 sunt,
476 880 557 942 quos
575 858 713 922 vidimus
733 862 790 922 aut
809 858 847 923 de
866 859 983 942 quibus
998 860 1158 924 memoria

147 947 338 1031 accepimus,
357 968 437 1030 quos
454 946 547 1010 novit
565 946 634 1011 vita
651 945 839 1011 communis.
876 946 927 1010 Ex
941 947 1004 1010 hoc
1018 968 1157 1011 numero

146 1035 241 1099 nobis
256 1035 404 1119 exempla
418 1034 573 1098 sumenda
588 1037 672 1113 sunt,
691 1037 724 1098 et
738 1055 849 1098 eorum
864 1034 992 1116 quidem
1006 1034 1158 1118 maxime,

95 1139 128 1188 89
147 1123 203 1206 qui
221 1123 261 1187 ad
280 1122 472 1206 sapientiam
485 1143 641 1205 proxume
662 1121 824 1186 accedunt.
854 1121 1010 1186 Videmus
1028 1121 1158 1206 Papum

147 1211 323 1274 Aemilium
350 1209 488 1274 Luscino
514 1209 710 1274 familiarem
741 1209 841 1273 fuisse
869 1210 930 1293 (sic
958 1232 978 1274 a
1003 1210 1156 1294 patribus

148 1294 353 1384 accepimus),
371 1298 423 1362 bis
440 1319 505 1362 una
524 1297 679 1380 consules,
698 1297 841 1383 collegas
859 1297 895 1360 in
913 1319 1060 1381 censura3
1083 1302 1157 1363 tum

148 1389 181 1450 et
204 1408 277 1450 cum
298 1386 339 1449 iis
363 1389 396 1449 et
418 1386 502 1449 inter
526 1407 561 1450 se
589 1385 868 1450 coniunctissimos
895 1385 996 1450 fuisse
1017 1384 1070 1449 Μ’.
1095 1385 1157 1451 Ou-

147 1473 241 1556 rium,
264 1472 311 1536 Ti.
326 1471 564 1538 Coruncanium
582 1473 756 1537 memoriae
774 1473 939 1556 proditum
953 1477 1011 1537 est.
1047 1472 1158 1558 Igitur

146 1582 188 1625 ne
216 1561 373 1645 suspicari
400 1561 527 1644 quidem
555 1582 726 1644 possumus
755 1582 949 1644 quemquam
971 1561 1088 1625 horum
1114 1562 1156 1626 ab

148 1649 252 1713 amico
272 1649 439 1732 quippiam
453 1649 663 1732 contendisse,
683 1649 768 1731 quod
786 1652 899 1713 contra
916 1649 1022 1730 fidem,
1040 1653 1158 1714 contra

148 1737 198 1800 ius
221 1736 408 1818 iurandum,
432 1739 544 1800 contra
567 1737 822 1819 rempublicam
846 1740 940 1800 esset.
984 1735 1070 1800 Nam
1093 1737 1158 1803 hoc

148 1823 277 1907 quidem
299 1823 334 1886 in
356 1822 477 1887 talibus
501 1823 579 1888 viris
603 1823 680 1906 quid
701 1824 825 1888 adtinet
844 1824 957 1907 dicere,
980 1824 1008 1887 si
1025 1828 1158 1888 conten-

148 1911 261 1993 disset,
283 1910 534 1994 impetraturum
555 1932 622 1975 non
642 1911 765 1976 fuisse?
787 1933 860 1976 cum
883 1911 934 1975 illi
958 1912 1158 1977 sanctissimi

147 1998 210 2063 ιιιι
241 1997 374 2083 fuerint,
408 2020 506 2083 aeque
539 2003 648 2063 autem
679 2000 770 2064 nefas
802 1998 847 2063 sit
875 1999 942 2062 tale
970 1998 1095 2081 aliquid
1125 2004 1157 2065 et

31 2154 34 2161 ,
147 2085 252 2150 facere
284 2091 437 2171 rogatum
467 2089 500 2149 et
526 2107 651 2172 rogere.
695 2088 742 2151 At
769 2107 845 2151 vero
873 2085 943 2150 Tib.
971 2083 1158 2153 Gracchum

148 2173 366 2256 sequebantur
380 2173 414 2239 Ο.
429 2172 544 2259 Carbo,
568 2173 602 2239 O.
620 2172 710 2257 Cato,
733 2177 766 2238 et
783 2172 915 2237 minime
933 2177 1005 2237 tum
1024 2175 1158 2257 quidem

147 2260 182 2326 0.
204 2262 307 2325 frater
333 2283 418 2326 nunc
440 2262 525 2326 idem
548 2261 731 2327 acerrimus.

95 2326 141 2452 ἐξ
213 2348 339 2413 Haec
330 2349 392 2435 1git
393 2372 431 2414 ur
458 2349 546 2414 lex
537 2372 572 2413 m
599 2349 680 2414 amic
680 2349 741 2413 itia
772 2348 949 2431 sanciatur,
981 2353 1018 2412 ut
1049 2371 1157 2433 neque

146 2457 299 2537 rogemus
322 2459 374 2502 res
397 2443 507 2522 turpes
526 2458 584 2502 nec
600 2436 757 2502 faciamus
775 2437 893 2523 rogati.
930 2435 1048 2520 Turpis
1067 2439 1157 2503 enim

147 2524 311 2589 excusatio
344 2529 394 2590 est
426 2530 459 2590 et
491 2525 622 2589 minime
654 2524 838 2609 accipienda
870 2547 943 2590 cum
973 2525 1008 2588 in
1038 2527 1156 2590 ceteris

146 2613 303 2696 peccatis,
329 2617 399 2677 tum
427 2613 455 2676 si
483 2613 553 2696 quis
582 2615 695 2678 contra
722 2635 790 2678 rern
813 2613 977 2697 publicam
1000 2633 1034 2676 se
1058 2613 1157 2679 amici

148 2722 245 2765 causa
261 2699 377 2764 fecisse
397 2700 446 2764 fat
432 2703 548 2764 t.eatur
578 2699 709 2764 Etenim
728 2722 765 2765 eo
784 2702 865 2783 1000,
888 2700 992 2764 Fanni
1011 2703 1044 2764 et
1063 2697 1157 2766 Scae-

147 2787 235 2869 vola,
264 2787 364 2852 locati
386 2809 510 2871 sumus,
536 2791 573 2851 ut
595 2808 655 2852 nos
675 2788 775 2873 longe
797 2787 981 2872 prospicere
1004 2791 1157 2871 oporteat

147 2874 274 2939 futuros
298 2896 391 2939 casus
414 2876 461 2939 rei
487 2875 644 2959 publicae.
690 2875 865 2940 Defiexit
856 2897 923 2939 1am
950 2875 1157 2959 aliquantum

94 2976 127 3025 41
148 2962 187 3026 de
224 2962 330 3046 spatio
367 2963 588 3047 curriculoque
625 2962 821 3028 consuetudo
858 2963 1026 3027 maiorum.
1083 2962 1157 3029 Tib.

148 3048 312 3116 Gracchus
336 3071 471 3136 regnum
495 3072 649 3134 occupare
673 3053 808 3115 conatus
832 3053 895 3133 est,
924 3052 977 3115 vel
1003 3052 1158 3136 regnavit

146 3138 175 3200 is
199 3139 328 3221 quidem
350 3159 469 3223 paucos
493 3158 627 3202 menses.
672 3136 760 3202 Num
783 3137 860 3220 quid
883 3139 989 3202 simile
1013 3140 1157 3222 populus

146 3223 313 3290 Romanus
332 3227 477 3291 audierat
495 3230 552 3291 aut
570 3226 716 3291 viderat?
748 3224 843 3290 Hunc
862 3226 961 3290 etiam
978 3230 1055 3310 post
1072 3248 1157 3292 mor-

146 3315 214 3374 tem
237 3315 339 3378 secuti
358 3314 452 3379 amici
471 3318 503 3378 et
521 3313 695 3398 propinqui
716 3313 793 3396 quid
810 3313 846 3376 in
862 3312 898 3379 P.
912 3311 1063 3397 Scipione
1082 3315 1157 3380 effe

147 3399 262 3483 cerint,
292 3402 361 3465 sine
388 3402 530 3467 lacrimis
557 3423 623 3467 non
650 3414 732 3485 queo
761 3401 874 3467 dicere.
919 3401 1006 3466 Nam
1034 3399 1157 3467 Carbo·

145 3506 233 3574 nern,
266 3511 465 3575 quocumque
492 3490 588 3556 modo
618 3489 797 3576 potuimus,
829 3492 963 3575 propter
990 3494 1158 3557 recentem
