2446 3944
532 225 572 234 —
619 189 773 255 264-

138 354 261 422 nostris
284 358 343 420 aut
364 354 491 420 vincere
514 354 571 418 aut
590 351 699 416 emori.
743 350 814 427 Qua
833 351 962 436 quidem
980 373 1016 416 ro
1034 352 1151 419 audita

138 443 279 508 fractum
303 443 447 507 animum
460 440 653 506 Hannibalis
672 439 786 504 scribit
799 439 894 524 idem,
913 440 999 524 quod
1013 444 1149 506 senatus

139 531 343 615 populusque
356 529 522 594 Romanus
542 529 639 593 rebus
659 527 788 593 afflictis
806 532 876 592 tam
890 528 1015 592 excelso
1035 528 1149 594 animo

139 618 265 683 fuisset.
297 615 350 682 Sic
367 618 549 682 honestatis
568 617 809 701 comparatione
829 638 876 699 ea,
895 636 976 698 quae
996 616 1150 682 videntur

88 721 139 772 115
153 706 257 789 utilia,
274 705 455 770 vincuntur.
482 704 517 770 O.
531 704 656 769 Acilius
671 708 789 788 autem,
804 704 861 788 qui
874 702 996 768 Graece
1015 705 1150 789 scripsit

140 794 320 876 historiam,
342 794 452 878 plures
476 793 523 857 ait
544 792 653 875 fuisse,
676 793 789 876 quiin
811 796 918 856 castra
936 792 1151 858 revertissent

141 882 253 947 eadem
274 881 403 964 fraude,
426 884 463 945 ut
485 879 710 945 iureiurando
734 879 963 963 liberarentur,
985 901 1105 964 eosque
1130 903 1152 946 a

141 969 327 1035 censoribus
352 969 502 1033 omnibus
520 967 707 1053 ignominiis
725 971 866 1033 notatos.
898 966 948 1032 Sit
966 968 1032 1031 iam
1050 968 1150 1033 huius

141 1057 205 1123 loci
223 1056 306 1121 finis.
338 1055 547 1142 Perspicuum
566 1058 616 1120 est
635 1055 720 1119 cuim
734 1077 781 1140 ca,
802 1076 884 1140 quae
898 1055 1013 1119 timido
1028 1056 1150 1139 animo,

141 1145 271 1229 humili,
299 1144 437 1209 demisso
459 1144 627 1226 fractoque
647 1143 743 1226 fiant,
773 1144 867 1226 quale
890 1143 1005 1207 fuisset
1028 1143 1151 1228 Refflrli

140 1233 273 1316 factum,
297 1232 326 1296 si
348 1235 406 1297 aut
429 1231 467 1295 de
490 1230 642 1315 captiviS,
668 1231 754 1315 quod
776 1231 840 1315 ipsi
863 1252 944 1315 opus
968 1252 1038 1295 esse
1063 1232 1151 1296 vide·

141 1325 241 1404 retur,
263 1342 329 1385 non
352 1320 437 1403 quod
459 1318 507 1383 rei
529 1318 688 1403 publicae,
710 1318 888 1382 censuisset
911 1321 968 1382 aut
991 1318 1079 1384 domi
1101 1340 1152 1384 re

142 1430 272 1474 manere
294 1408 461 1491 voluisset,
482 1427 549 1471 non
572 1427 641 1470 esse
664 1406 767 1490 utilia,
791 1406 868 1490 quia
891 1407 957 1471 sint
974 1406 1152 1493 flagitiosa,

90 1554 133 1620 33
141 1496 246 1579 foeda,
268 1497 386 1579 turpia.
694 1580 714 1644 d
889 1581 910 1645 d
984 1581 990 1595 ⁸

91 1585 702 1755 emittunt,{stetit
715 1585 1153 1756 {littttlttult

143 1761 314 1844 quicquam
344 1759 426 1823 utile
453 1779 536 1842 csse,
568 1757 654 1842 quod
681 1757 725 1821 sit
750 1756 826 1821 huic
848 1756 965 1821 talium
989 1757 1152 1823 virtutum

143 1848 241 1913 choro
261 1846 479 1911 contrarium?
502 1845 606 1929 Atqui
624 1845 666 1909 ab
680 1844 851 1930 Aristippo
866 1843 1033 1929 Cyrenaici
1051 1849 1152 1930 atque

142 1933 309 1999 Annicerii
330 1933 519 2018 philosophi
540 1933 700 1998 nominati
721 1954 815 1997 omne
840 1933 962 1998 bonum
984 1933 1152 2019 1111011111-

143 2025 212 2088 tate
238 2024 416 2105 posuerunt
442 2022 660 2104 virtutemque
687 2025 879 2085 censuenmt
907 2022 948 2086 ob
976 2043 1049 2086 eam
1079 2044 1153 2087 rem

144 2131 215 2175 esse
228 2108 431 2193 laudandam,
450 2109 536 2192 quod
555 2107 696 2173 efficiens
715 2113 801 2173 esset
814 2109 1002 2194 voluptatis.
1025 2107 1152 2184 Quibus

144 2197 301 2262 obsoletis
324 2198 418 2261 floret
440 2196 609 2281 Epicurus,
632 2196 774 2261 eiusdem
791 2196 859 2261 fere
878 2198 1006 2262 adiutor
1024 2201 1153 2262 auotor-
1203 2202 1207 2207 '

144 2306 206 2370 que
224 2284 412 2349 sententiae.
445 2283 526 2349 Cum
543 2284 595 2349 his
615 2283 705 2349 ‘viris
724 2284 899 2369 equisque',
916 2288 954 2350 ut
973 2285 1099 2369 dicitur,
1123 2287 1154 2350 si

143 2373 349 2438 honestatem
370 2372 455 2436 tueri
478 2394 515 2436 ac
538 2372 676 2436 retinere
704 2373 865 2437 sententia
893 2377 956 2457 est,
988 2373 1153 2438 decertan-

92 2475 142 2525 117
159 2460 234 2524 dum
258 2464 316 2525 est.
346 2458 434 2525 Nam
457 2460 486 2524 si
506 2481 572 2525 non
595 2460 691 2525 modo
713 2460 850 2544 utilitas,
873 2461 930 2525 scd
951 2461 1020 2526 rita
1044 2461 1151 2525 omnis

143 2549 241 2613 beata
264 2549 408 2633 corporis
431 2548 526 2612 firma
544 2547 775 2612 constitutione
796 2548 928 2633 eiusque
947 2549 1154 2614 constitutio-

143 2636 194 2700 nis
219 2657 275 2721 spe
298 2637 476 2720 explorata,
498 2639 535 2700 ut
558 2658 578 2699 a
599 2635 785 2701 Metrodoro
809 2637 966 2721 scriptum
989 2640 1052 2720 est,
1078 2658 1154 2702 oon·

143 2724 279 2808 tinetur,
312 2727 397 2788 certe
428 2725 509 2789 haec
540 2723 679 2807 utilitas,
715 2727 748 2788 et
780 2724 909 2807 quidem
936 2746 1064 2789 summa
1091 2723 1154 2809 (sic

144 2812 230 2878 enim
266 2810 425 2896 censent),
461 2833 535 2876 oum
566 2811 737 2876 honestate
764 2813 933 2898 pugnabit.
978 2811 1064 2876 Nam
1095 2813 1154 2877 ubi

28 2976 33 2986 ⁸
144 2901 285 2986 primum
312 2899 502 2984 prudentiae
538 2900 628 2963 locus
657 2900 808 2964 dabitur?
843 2923 885 2965 an
915 2904 953 2964 ut
980 2900 1153 2984 conquirat
1169 2921 1196 2961 so

144 2988 284 3072 undique
317 2987 516 3052 suavitates?
558 2985 661 3061 Quam
684 2987 782 3051 miser
806 2988 938 3053 virtutis
972 2987 1154 3053 famulatus

145 3076 316 3140 servientis
338 3074 516 3158 voluptati!
548 3072 640 3149 Quod
664 3078 772 3138 autem
799 3097 916 3141 munus
939 3075 1155 3160 prudentiae?

145 3184 186 3227 an
205 3163 313 3247 legere
333 3163 562 3247 intellegenter
579 3163 786 3246 voluptates?
812 3163 878 3229 Fac
895 3164 977 3228 nihil
996 3164 1062 3228 isto
1082 3185 1155 3229 esse

144 3249 321 3333 iucundius,
345 3249 422 3333 quid
444 3249 582 3336 cogitari
604 3253 714 3334 potest
736 3250 886 3334 turpius?
914 3252 994 3335 Iam,
1019 3251 1075 3335 qui
1099 3252 1153 3316 do-

144 3336 248 3400 lorem
272 3359 432 3402 summum
455 3339 578 3403 malum
601 3338 700 3421 dicat,
728 3339 814 3423 apud
837 3362 910 3404 eum
934 3361 1029 3424 quem
1052 3340 1156 3404 habet
1170 3357 1198 3400 ao

145 3422 252 3488 locum
274 3424 447 3509 fortitudo,
479 3447 561 3510 quae
589 3429 639 3491 cst
666 3426 815 3491 dolorum
845 3427 1058 3510 laborumque
1081 3448 1156 3492 con-

144 3511 305 3597 temptio?
337 3511 492 3589 Quamvis
520 3514 606 3578 enim
633 3515 746 3579 multis
769 3515 850 3580 locis
874 3516 961 3581 dicat
983 3514 1156 3600 Epicurus,
