2446 3944
544 172 784 238 -314-

115 366 146 416 11
166 351 273 435 ipsum
296 349 436 413 amantis
460 350 519 413 est.
554 346 636 414 (lum
658 347 717 413 illo
739 368 816 413 vero
840 346 912 432 quis
939 349 1039 433 neget
1064 351 1183 415 actum

56 478 58 484 ·
166 458 236 503 esse
257 436 444 522 praeclare?
465 433 540 500 Nisi
567 435 661 519 enim,
683 435 768 519 quod
789 435 847 498 ille
869 434 1001 499 minime
1023 437 1180 522 putabat,

165 524 436 590 inmortalitatem
467 526 580 608 optare
606 524 718 607 vellet,
751 523 828 606 quid
854 543 921 587 non
947 522 1088 608 adeptus
1118 529 1179 609 est,

166 612 252 697 quod
282 611 406 677 homini
436 612 487 676 fas
520 614 606 676 esset
637 611 773 696 optare?
810 610 866 694 qui
896 632 1058 676 summam
1083 631 1177 696 spem

142 700 296 783 civium,
329 721 426 783 quam
449 699 488 764 de
511 721 549 764 eo
571 699 638 764 iam
664 720 764 782 puero
791 698 985 777 habuerant,
1015 700 1174 766 continuo

166 789 352 853 adulescens
366 787 547 853 incredibili
561 787 682 852 virtute
698 786 873 871 superavit,
892 786 948 870 qui
966 788 1176 853 consulatum

165 876 283 961 petivit
304 897 490 959 numquam,
511 875 618 940 factus
641 875 754 940 consul
777 878 827 939 est
849 873 909 958 bis,
932 874 1077 958 primurn
1098 880 1176 941 ante

164 968 309 1049 tempus,
330 965 450 1028 iterum
473 963 536 1028 sibi
559 984 618 1028 suo
640 966 801 1048 ternpore,
827 961 1049 1064 reipublicae
1070 985 1175 1048 paene

166 1073 252 1136 sero,
283 1052 339 1136 qui
366 1052 490 1116 duabus
521 1051 657 1116 urbibus
689 1050 809 1115 eversis
836 1049 1069 1117 inimicissimis
1098 1052 1175 1129 huic

164 1139 302 1230 imperio
319 1161 386 1204 non
400 1139 495 1204 modo
509 1138 702 1224 praesentia,
719 1159 831 1204 verum
846 1138 945 1202 etiam
958 1137 1071 1204 futura
1084 1125 1176 1204 bella

167 1221 294 1292 delevit
331 1225 415 1303 Quid
438 1227 542 1292 dicam
566 1226 604 1291 de
627 1225 771 1291 moribus
793 1225 968 1308 facillimis,
991 1226 1030 1291 de
1047 1227 1175 1311 pietate

165 1315 201 1379 in
223 1319 374 1399 matrem,
402 1313 636 1380 liberalitate
626 1336 661 1378 1n
683 1335 824 1397 sorores,
852 1276 1038 1379 bonital'e
1028 1335 1064 1378 m
1087 1337 1175 1400 suos,

165 1402 324 1467 11111111
314 1424 349 1466 ιιι
372 1403 504 1468 omnes?
526 1406 606 1467 nota
629 1405 705 1466 sunt
722 1402 825 1467 vobis
871 1400 974 1476 Quam
996 1405 1110 1468 autem
1133 1403 1175 1468 11-

165 1491 263 1556 vitati
278 1511 370 1556 carus
388 1490 497 1568 fucrit,
517 1511 662 1555 maerore
676 1489 800 1554 funeris
813 1489 991 1554 indicatum
1005 1492 1064 1554 est.
1089 1489 1175 1566 Quid

164 1578 267 1665 igitur
296 1579 381 1643 hunc
407 1599 584 1679 paucorum
616 1599 773 1642 annorum
801 1577 940 1643 accessio
972 1578 1085 1642 iuvere
1117 1600 1174 1662 po

78 1707 80 1711 -
165 1667 305 1732 tuisset?
342 1664 495 1731 Senectus
524 1666 610 1731 enim
642 1664 789 1749 quamvis
816 1665 949 1729 nonsit
977 1664 1103 1750 gravis,
1136 1670 1174 1731 11

167 1755 299 1819 memini
289 1752 469 1818 Catonem
483 1775 567 1819 anno
587 1758 671 1837 ante,
694 1774 793 1836 quam
806 1756 856 1817 est
869 1756 1026 1837 mortuus,
1043 1775 1173 1818 meeum

167 1844 200 1905 et
222 1864 295 1906 eum
318 1839 467 1926 Scipione
490 1841 655 1924 disserere,
677 1844 788 1905 tamen
811 1839 917 1904 aufert
936 1861 1006 1905 eam
1025 1841 1173 1907 viridita·

114 1944 147 1993 12
165 1932 248 2012 tem,
275 1929 309 1992 in
332 1950 396 2012 qua
418 1929 517 1993 etiam
539 1950 624 1993 nunc
647 1931 718 1993 erat
740 1926 857 2012 Scipio
902 1926 1005 2002 Quam
1028 1929 1071 1993 ob
1102 1951 1173 1994 rem

164 2016 234 2082 vita
256 2015 385 2100 quidem
407 2016 485 2080 talis
507 2012 576 2080 fuit
592 2016 644 2081 vel
666 2015 799 2080 fortuna
820 2015 873 2081 vel
897 2016 1012 2100 gloria,
1030 2019 1068 2080 ut
1085 2017 1171 2082 nihil

164 2106 276 2189 posset
299 2103 456 2186 accedere,
479 2102 637 2168 moriendi
659 2106 768 2167 autem
791 2125 920 2167 sensum
943 2103 1093 2170 celeritas
1118 2106 1173 2170 ab·

163 2191 272 2274 stulit3
304 2213 367 2275 quo
393 2191 430 2254 de
453 2211 570 2276 genere
593 2190 708 2255 mortis
731 2190 862 2256 difficile
881 2191 968 2256 dictu
997 2195 1060 2275 111,
1093 2193 1173 2276 quid

164 2278 311 2343 homines
344 2279 559 2362 suspicentur,
591 2278 721 2362 videtis3
757 2279 819 2343 hoc
845 2300 920 2344 vere
950 2282 1062 2344 tamen
1093 2280 1174 2346 licet

165 2367 278 2450 dicere,
300 2365 335 2431 P.
359 2364 501 2451 Scipioni
524 2389 562 2432 ex
584 2366 697 2431 multis
721 2366 845 2450 diebus,
869 2388 949 2450 quos
972 2368 1007 2431 in
1028 2367 1100 2433 vita
1124 2391 1173 2434 11

164 2454 355 2519 leberrimos
382 2455 643 2538 laetissimosque
670 2454 800 2538 viderit,
827 2455 920 2519 illum
949 2455 1032 2519 diem
1059 2457 1174 2521 claris·

164 2543 282 2607 simum
308 2541 421 2627 fuisse,
453 2565 551 2628 quom
574 2546 688 2609 senatu
711 2542 843 2607 dimisso
864 2543 995 2608 domum
1017 2543 1173 2610 reduetus

165 2630 206 2696 ad
227 2652 396 2716 vesperum
420 2634 470 2695 est
498 2654 517 2696 a
545 2632 694 2716 patribus
722 2630 913 2715 conscriptis
920 2680 929 2713 ,
956 2632 1078 2715 populo
1108 2632 1173 2698 Ro·

165 2740 275 2802 mane,
299 2718 394 2783 sociis
418 2723 450 2783 et
472 2719 612 2802 latinia,
638 2720 741 2805 pridie
769 2740 866 2802 quam
889 2719 1026 2783 excessit
1050 2721 1172 2799 evita,

163 2811 201 2872 ut
224 2829 263 2872 ex
284 2810 354 2871 tam
377 2807 445 2871 alto
468 2806 638 2892 dignitatis
666 2807 768 2893 gradu
795 2805 836 2870 ad
863 2826 997 2890 superos
1019 2806 1173 2873 videatur

124 2942 145 3003 4
165 2896 240 2960 deos
264 2895 373 2978 potius
396 2916 494 2978 quam
517 2894 558 2959 ad
579 2895 701 2958 inferos
724 2893 916 2980 pervenisse.

113 3020 145 3068 13
229 2981 343 3065 Neque
367 2982 452 3046 enim
471 2982 636 3047 adsentior
653 2982 703 3065 iis,
726 2981 781 3065 qui
798 2981 878 3046 haec
894 3002 996 3065 nuper
1011 2981 1172 3049 disserere

164 3073 346 3156 coeperunt,
367 3092 440 3135 cum
454 3070 642 3154 corporibus
657 3070 754 3135 simul
773 3068 898 3133 animos
917 3069 1050 3133 interire
1070 3073 1172 3155 atque

164 3160 273 3224 omnia
295 3162 400 3223 morte
423 3157 536 3242 deleri3
558 3158 632 3242 plus
651 3157 736 3242 apud
758 3178 810 3220 me
834 3157 1041 3240 antiquorum
1061 3162 1172 3225 aucto-

162 3246 206 3308 rit
192 3251 243 3310 tas
266 3248 364 3330 valet,
386 3246 438 3311 vel
460 3250 648 3310 nostrorum
670 3245 838 3329 maiorum,
861 3244 917 3328 qui
940 3245 1078 3310 mortuis
1099 3251 1172 3312 tam

162 3333 348 3431 religiosa
339 3356 411 3398 rura
432 3333 625 3417 tribuerunt,
649 3333 735 3417 quod
756 3354 823 3397 non
839 3333 993 3398 fecissent
1010 3334 1171 3439 profecto,

163 3419 192 3481 si
212 3420 295 3483 nihil
319 3421 360 3484 ad
383 3442 438 3485 111
458 3421 619 3505 pertinere
638 3421 884 3505 arbitrarentur,
902 3422 954 3487 vel
973 3442 1094 3506 eorum,
1114 3424 1173 3508 qui

161 3504 197 3568 in
213 3507 275 3572 hae
292 3512 381 3572 terra
398 3508 529 3574 fuerunt
514 3513 764 3595 lmagnamque
780 3507 959 3594 Graeciam,
982 3529 1065 3593 quae
1083 3531 1174 3580 nune

70 3606 157 3712 ἱ,
