2446 3944
530 177 771 244 ..240-

143 340 230 404 inter
252 360 287 402 se
308 337 417 420 fuisse,
440 337 485 419 ut,
508 358 581 401 eum
604 357 715 400 eorum
738 334 834 399 alteri
849 333 1025 418 Dionysius
1044 339 1162 419 tyran-

144 449 205 492 nus
229 426 313 490 diem
334 424 422 490 necis
446 424 675 489 destinavisset
698 427 731 487 ct
753 423 791 506 is,
814 423 870 506 qui
888 423 988 487 morti
1005 423 1160 490 addictus

145 517 240 598 esset,
257 535 378 598 paucos
397 511 461 577 sibi
474 512 542 577 dies
561 511 888 577 commendandorum
905 532 1038 576 suorum
1056 534 1161 578 causa

145 601 387 688 postulavisset,
401 622 458 665 vas
471 600 578 665 factus
593 599 636 663 sit
651 600 735 663 alter
748 599 816 663 eius
830 599 975 682 sistendi,
989 603 1036 684 ut,
1051 599 1080 663 si
1098 601 1161 667 ille

145 712 210 756 non
224 689 420 773 revertisset,
435 687 637 754 moriendum
650 691 736 752 esset
748 687 821 771 ipsi.
850 685 912 761 Qui
926 709 998 752 cum
1013 688 1054 751 ad
1069 688 1161 754 diem

146 800 180 842 se
203 777 386 863 recepisset,
409 776 587 841 admiratus
606 797 717 840 eorum
735 775 832 839 fidem
850 778 1008 859 tyrannus
1027 776 1161 861 petivit,

92 884 126 934 46
145 870 183 931 ut
211 887 245 930 se
273 865 314 930 ad
341 864 518 930 amicitiam
540 864 674 928 tertium
697 862 904 928 ascriberent.
949 861 1031 929 Cum
1053 864 1161 948 igitur

145 955 187 1038 id,
211 953 297 1038 quod
318 953 400 1018 utile
418 952 546 1018 videtur
562 952 598 1015 in
616 950 768 1034 amicitia,
791 973 863 1016 cum
883 973 929 1034 eo,
953 952 1039 1035 quod
1056 951 1161 1017 hone-

145 1046 233 1107 stum
256 1043 315 1126 est,
338 1044 558 1126 eomparatur,
580 1040 685 1105 iaceat
706 1038 863 1103 utilitatis
887 1039 1022 1124 speeies,
1044 1040 1161 1106 valcat

145 1130 314 1213 honestas3
341 1152 415 1195 cum
442 1132 550 1193 autem
577 1128 613 1191 in
640 1127 796 1211 amicitia,
824 1149 905 1211 quae
927 1126 1067 1191 honesta
1088 1149 1161 1194 non

146 1223 231 1302 sunt,
252 1218 515 1303 postulabuntur,
540 1216 655 1300 religio
679 1219 712 1280 et
733 1215 813 1279 fides
836 1218 1054 1299 anteponatur
1077 1217 1160 1282 ami·

146 1307 249 1372 citiao.
273 1304 325 1370 Sic
338 1306 513 1370 habebitur
521 1303 560 1387 is,
574 1325 669 1388 quem
678 1302 884 1388 exquirimus,
899 1303 1035 1368 dilectus
1046 1303 1159 1370 officii.

95 1397 135 1461 11
213 1392 275 1459 Sed
297 1394 450 1458 utilitatis
475 1392 580 1477 specie
602 1392 637 1455 in
659 1413 694 1455 re
716 1390 847 1475 publica
872 1391 1061 1475 saepissime
1084 1415 1160 1476 pec-

146 1486 246 1566 catur,
264 1487 301 1546 ut
318 1481 354 1546 in
368 1480 518 1546 Corinthi
534 1479 769 1545 disturbatione
788 1480 906 1562 nostri3
924 1479 1035 1544 durius
1054 1481 1158 1546 etiam

146 1570 375 1652 Athenienses,
403 1569 459 1653 qui
486 1569 661 1650 sciverunt,
688 1570 726 1631 ut
751 1566 935 1652 Aeginetis,
968 1569 1023 1651 qui
1050 1568 1159 1635 classe

145 1659 309 1741 valebant,
326 1657 462 1743 pollices
475 1656 744 1741 praeciderentur.
776 1654 848 1720 Hoc
866 1656 971 1720 visum
991 1660 1041 1719 est
1059 1656 1159 1742 utile;

70 1751 73 1757 ’
145 1747 243 1811 nimis
266 1746 352 1809 enirn
370 1744 562 1809 imminebat
579 1747 714 1828 propter
731 1743 1009 1828 propinquitatem
1025 1742 1159 1830 Aegina

146 1834 270 1899 Piraeo.
316 1830 379 1897 Sed
400 1832 497 1916 nihil,
520 1832 606 1915 quod
629 1831 770 1913 crudele,
792 1831 886 1915 utile,
916 1836 966 1896 est
989 1832 1077 1897 enim
1098 1833 1159 1898 ho-

146 1921 270 1987 minum
287 1924 433 2002 naturae,
457 1941 554 2004 quam
573 1918 665 2002 sequi
683 1919 844 2002 debemus,
866 1920 1005 1984 maximo
1023 1919 1159 1986 inimica

93 2027 127 2078 47
147 2008 330 2076 crudelitas.
375 2007 461 2072 Male
489 2007 601 2089 etiam,
634 2007 691 2089 qui
721 2007 909 2091 peregrinos
936 2008 1072 2072 urbibus
1105 2009 1158 2073 uti

145 2096 320 2183 prohibent
342 2117 460 2179 eosque
483 2093 709 2176 exterminant,
731 2098 769 2157 ut
787 2093 915 2159 Pennus
935 2096 1020 2180 apud
1042 2099 1158 2180 patres

145 2189 286 2268 nostros,
308 2183 428 2268 Papius
451 2204 562 2267 nuper.
607 2180 693 2246 Nam
717 2203 787 2247 esse
809 2205 869 2267 pro
893 2184 970 2266 cive,
996 2184 1052 2267 qui
1075 2184 1158 2249 civis

145 2295 212 2338 non
236 2272 292 2355 sit,
315 2275 439 2336 rectum
462 2275 512 2335 est
534 2292 601 2335 non
622 2270 732 2354 licere;
760 2292 857 2354 quam
879 2272 985 2355 legem
1008 2272 1159 2337 tulerunt

147 2359 379 2445 sapientissimi
406 2360 554 2424 consules
577 2357 713 2423 Crassus
742 2361 775 2422 et
797 2355 964 2442 Scaevola3
993 2381 1055 2423 usu
1076 2381 1157 2425 vero

146 2448 236 2513 urbis
259 2447 431 2532 prohibere
454 2447 643 2532 peregrinos
666 2467 743 2510 sane
765 2446 978 2530 inhumanum
997 2450 1055 2511 est.
1092 2445 1159 2512 Illa

146 2536 328 2621 praeclara,
359 2535 394 2599 in
422 2535 538 2619 quibus
565 2534 715 2619 publicae
742 2534 897 2599 utilitatis
926 2534 1048 2620 species
1075 2557 1158 2619 prae

146 2623 317 2690 honestate
340 2624 565 2688 contemnitur.
601 2622 702 2686 Plena
725 2623 946 2707 exemplorum
969 2627 1019 2687 est
1040 2627 1160 2689 nostra

146 2713 607 2884 {stutthitttttt
636 2713 830 2862 {stult
831 2712 1001 2884 1111110
1015 2710 1158 2865 ..iltis

68 2926 71 2937 ·
148 2889 274 2953 animos
302 2888 418 2952 habuit
446 2909 544 2970 quam
570 2908 725 2970 umquam
751 2887 847 2950 rebus
875 2887 1036 2971 secundis3
1063 2888 1159 2952 nulla

147 2975 276 3041 timoris
300 2975 504 3061 significatio,
527 2974 619 3038 nulla
637 2974 759 3038 mentio
777 2975 876 3059 pacis.
912 2974 1018 3040 'lanta
1035 2975 1085 3040 vis
1106 2979 1159 3040 est

92 3075 129 3126 48
147 3063 291 3147 honesti,
322 3066 360 3127 ut
389 3062 528 3148 speciem
555 3062 709 3127 utilitatis
736 3063 895 3128 obscuret.
940 3062 1158 3128 Athenienses

148 3174 221 3216 cum
239 3150 412 3216 Persarum
430 3150 588 3234 impetum
611 3150 702 3215 nullo
725 3149 821 3215 modo
844 3155 978 3235 possent
997 3151 1159 3216 sustinere

148 3242 405 3322 statuerentque,
437 3241 475 3302 ut
505 3238 586 3303 urbe
617 3238 731 3303 relicta
762 3238 953 3324 coniugibus
982 3243 1015 3303 et
1044 3239 1158 3304 liberis

147 3325 309 3390 Troezene
335 3326 491 3410 depositis
513 3347 612 3391 naves
636 3327 885 3391 conscenderent
908 3328 1159 3412 libertatemque

148 3411 303 3478 Graeciae
318 3414 421 3478 classe
435 3413 650 3499 defenderent,
669 3412 832 3499 Cyrsilum
847 3416 1003 3499 quendam
1025 3417 1159 3481 suaden-

67 3503 224 3700 xtom,
247 3504 285 3565 ut
306 3501 343 3567 in
364 3503 444 3568 urbe
467 3506 635 3570 manerent
650 3501 848 3588 Xersemque
866 3503 1055 3591 reciperent,
1078 3505 1159 3591 lapi·
