2446 3944
469 174 710 247 sssce-

146 352 191 410 M.
214 346 301 410 Bene
328 346 549 430 reprehendis,
577 349 608 410 et
636 366 671 410 sc
697 347 760 411 isto
783 347 878 412 modo
901 367 953 410 res
978 346 1085 412 habet.

81 431 256 498 Credamus
278 433 379 519 igitur
401 432 557 499 Panaetio
581 456 600 498 a
620 432 758 498 Platone
780 455 838 499 suo
861 433 1084 499 dissentienti?
1104 438 1139 507 ⁷9

80 521 182 598 Quem
206 521 292 586 enim
315 521 465 586 omnibus
488 521 568 585 locis
589 521 747 599 divinum,
770 543 865 604 quem
887 521 1085 605 sapientissi-

79 631 182 692 mum,
215 631 309 692 quem
346 609 598 691 sanctissimum,
638 630 732 692 quem
768 608 946 673 Homerum
981 609 1086 693 philo·

80 697 256 780 sophorum
284 697 440 781 appellat,
466 697 561 761 huius
590 695 674 760 hanc
701 718 798 761 unam
824 697 1018 761 sententiam
1047 697 1085 762 de

80 784 316 849 inmortalitate
357 785 538 849 animorum
573 805 641 849 non
679 784 804 867 probat
868 783 950 849 Volt
991 785 1085 863 enim,

80 872 165 954 quod
188 893 282 937 nemo
305 875 418 955 negat,
442 871 592 956 quicquid
614 876 726 936 natum
750 871 806 956 sit,
828 871 972 955 interire,
995 872 1085 936 nasci

81 963 188 1023 autem
216 960 356 1043 animos,
386 960 470 1041 quod
497 960 639 1024 declaret
665 980 774 1024 eorum
806 959 998 1041 similitudo,
1029 961 1085 1042 qui

78 1051 302 1131 procreentur,
333 1069 414 1129 quae
447 1047 545 1112 etiam
576 1048 612 1110 in
642 1047 792 1131 ingeniis,
823 1069 890 1111 non
917 1047 1022 1111 solum
1050 1048 1085 1112 in

79 1135 267 1217 corporibus
291 1137 454 1218 appareat.
493 1135 640 1199 Alteram
662 1137 769 1199 autem
792 1133 896 1199 adfert
918 1135 1085 1219 rationem,

77 1223 160 1286 nihil
185 1244 269 1305 esse,
292 1222 377 1306 quod
400 1222 523 1306 doleat,
552 1222 631 1306 quin
652 1221 687 1285 id
710 1241 843 1306 aegrum
865 1243 935 1286 esse
959 1244 1084 1306 quoque

77 1311 195 1394 possit3
219 1310 304 1394 quod
323 1313 431 1375 autem
454 1310 490 1374 in
507 1310 655 1374 morbum
674 1309 780 1390 cadat,
803 1309 837 1373 id
858 1310 955 1374 etiam
977 1309 1085 1375 interi·

78 1402 198 1483 turum3
236 1398 344 1462 dolere
376 1401 485 1462 autem
522 1397 660 1479 animos,
696 1415 773 1479 ergo
811 1397 910 1461 etiam
945 1398 1085 1464 interire.
1094 1445 1138 1510 33

78 1484 168 1550 Haec
195 1485 299 1549 refelli
325 1487 475 1569 possunt3
506 1488 581 1548 sunt
607 1485 693 1548 enim
719 1484 915 1567 ignorantis,
945 1506 1016 1549 cum
1045 1486 1084 1550 de
1102 1521 1138 1571 80

80 1573 271 1636 aeternitate
303 1573 484 1637 animorum
515 1572 654 1654 dicatur,
684 1571 723 1635 de
754 1576 862 1636 mente
895 1572 969 1655 dici,
1003 1594 1084 1656 quae

80 1660 167 1723 omni
198 1659 329 1725 turbido
361 1663 452 1725 motu
485 1681 610 1743 semper
637 1663 740 1736 vacet,
772 1681 838 1724 non
870 1659 908 1723 de
936 1660 1084 1743 partibus

78 1747 134 1829 iis,
161 1747 196 1811 in
223 1748 338 1831 quibus
362 1747 592 1832 aegritudines,
622 1747 689 1810 irae
716 1746 930 1831 libidinesque
957 1769 1084 1812 versen-

78 1837 144 1918 tur,
171 1856 250 1918 quas
278 1835 319 1918 is,
347 1840 460 1899 contra
482 1856 577 1918 quem
599 1834 678 1898 haec
705 1834 867 1917 dicuntur,
897 1839 1037 1899 semotas
1065 1858 1085 1899 a

78 1925 186 1985 mente
214 1924 247 1986 ct
274 1922 431 1987 disclusas
458 1925 561 2006 putat.
604 1921 675 1986 lam
699 1922 875 1987 similitudo
901 1923 1005 2006 magis
1030 1945 1084 2006 ap-

77 2014 171 2092 paret
193 2009 227 2072 in
249 2010 375 2093 bestiis,
398 2031 533 2094 quarum
553 2009 652 2073 animi
672 2012 747 2073 sunt
764 2010 900 2075 rationis
924 2015 1084 2094 expertes3

77 2096 245 2160 hominum
268 2102 376 2161 autem
399 2097 578 2161 similitudo
601 2097 637 2160 in
659 2117 829 2181 corporum
852 2099 955 2182 figura
977 2099 1083 2182 magis

78 2187 197 2267 exstat,
225 2187 258 2247 et
284 2185 348 2268 ipsi
376 2186 476 2249 animi
503 2186 613 2269 magni
640 2184 740 2249 refert
772 2186 859 2270 quali
886 2187 920 2250 in
951 2208 1083 2269 corpore

76 2271 175 2337 locati
207 2272 279 2337 sint
333 2271 440 2337 Multa
471 2273 557 2336 enim
590 2294 606 2335 e
639 2295 771 2355 corpore
806 2274 966 2356 existunt,
1003 2296 1083 2357 quae

78 2363 196 2424 acuant
217 2363 373 2443 mentem,
399 2361 515 2442 multa,
543 2381 624 2444 quae
652 2360 840 2426 obtundant.
888 2362 1082 2426 Aristoteles

79 2447 208 2530 quidem
236 2448 283 2511 ait
309 2448 414 2513 omnis
441 2448 629 2533 ingeniosos
656 2448 904 2512 melancholicos
932 2470 1015 2532 esse,
1046 2452 1084 2513 ut

78 2553 139 2617 ego
164 2556 215 2598 me
238 2535 413 2600 tardiorem
432 2557 586 2599 essenon
603 2535 739 2599 moleste
761 2534 871 2598 feram.
906 2535 1084 2601 Enumerat

77 2621 213 2706 multos,
240 2622 335 2705 idque
363 2624 455 2706 quasi
482 2624 621 2704 constet,
652 2623 824 2704 rationem,
856 2644 912 2686 cur
939 2623 986 2688 ita
1017 2624 1083 2707 fiat,

77 2708 190 2773 adfert.
240 2709 362 2786 Quodsi
387 2714 481 2775 tanta
507 2709 557 2773 ris
586 2711 635 2773 est
662 2709 701 2773 ad
730 2709 877 2772 habitum
904 2711 1021 2774 mentis
1048 2710 1083 2774 in

76 2797 131 2879 iis,
157 2819 237 2880 quae
260 2798 437 2882 gignuntur
459 2797 494 2861 in
516 2818 649 2879 corpore
673 2792 726 2881 (ea
749 2799 824 2860 sunt
842 2800 963 2880 autem,
987 2819 1082 2881 quae-

77 2905 211 2968 cumque
231 2890 313 2968 sunt,
333 2908 414 2969 quac
428 2884 672 2950 similitudinem
690 2882 833 2968 faciant),
850 2884 934 2948 nihil
947 2885 1082 2948 necessi-

75 2974 154 3036 tatis
178 2972 297 3053 adfert,
320 2994 375 3037 cur
396 2976 571 3038 nascantur
594 2971 705 3054 animi,
729 2972 912 3035 similitudo.
957 2971 1080 3038 Omitto
1099 2991 1133 3041 81

76 3059 363 3126 dissimilitudines.
394 3060 520 3126 Vellem
539 3060 649 3124 adesse
667 3063 778 3143 posset
793 3059 968 3123 Panaetius
988 3056 1083 3145 (vixit

76 3168 150 3210 cum
168 3146 351 3233 Africano);
370 3170 556 3232 quaererem
576 3170 614 3211 ex
632 3168 684 3230 eo,
707 3147 796 3211 cuius
816 3167 949 3213 suorum
964 3147 1080 3219 similis

75 3233 190 3298 fuisset
217 3235 363 3299 Africani
389 3235 499 3300 fratris
526 3257 640 3319 nepos,
667 3234 750 3299 facie
783 3235 834 3299 vel
1070 3310 1073 3315 ¹
1201 3288 1206 3299 .

76 3322 221 3387 omnium
243 3323 441 3406 perditorum
458 3323 505 3387 ita
523 3322 653 3405 similis,
675 3325 711 3386 ut
729 3320 853 3388 essetf
887 3394 894 3403 ,
956 3355 964 3380 ι

75 3432 161 3495 mus,
189 3410 279 3474 cuius
307 3411 405 3476 etiam
433 3410 546 3474 similis
579 3409 613 3474 P.
641 3407 764 3494 (lrassi,
795 3411 830 3475 et
878 3490 886 3495 ..
1054 3416 1101 3467 a*

75 3498 254 3580 eloquentis
295 3501 328 3562 et
365 3499 463 3582 primi
502 3496 659 3578 hominis,
698 3518 800 3583 nepos
1106 3422 1152 3599 Ἣ

146 3609 327 3663 witratus,
342 3607 387 3653 dic·
401 3607 516 3663 pullulopt.
530 3606 644 3663 ὅῶιίῗὲειι.
809 3606 824 3641 ·“-
