2446 3944
532 194 772 258 -136-

150 352 297 439 agitatio
346 351 392 415 Iis
425 351 510 416 enim
541 351 652 434 rebus,
684 372 765 434 quae
797 353 980 416 tractantur
1010 352 1046 415 in
1076 351 1159 437 vita,

149 441 280 505 modum
309 438 467 523 quendam
495 442 528 503 εὴ
555 439 699 503 ordinem
728 439 917 504 adhibentes
949 439 1159 504 honestatem

150 532 183 593 et
206 530 301 592 decus
325 527 596 593 conservabimus.
854 573 858 581 -

98 586 131 712 1}
215 616 267 680 Ex
285 619 440 699 quattuor
459 619 567 680 autem
585 613 675 698 locis,
696 614 732 678 in
749 636 830 698 quos
851 613 982 678 honesti
1002 617 1159 679 naturam

149 703 279 786 vimque
302 703 482 787 divisimus,
506 703 628 788 primus
650 703 722 784 ille,
746 702 800 786 qui
822 702 857 766 in
879 701 948 767 veri
971 702 1160 787 cognitione

150 792 308 876 consistit,
331 792 469 856 maxime
490 795 642 855 naturam
660 790 797 875 attingit
814 789 998 854 humanam.
1035 789 1159 855 Omnes

149 878 235 943 enim
257 879 419 943 trahimur
442 882 474 942 et
498 879 642 942 ducimur
665 877 706 943 ad
728 878 922 962 cognitionis
946 883 978 942 et
1001 878 1158 943 scientiae

149 967 369 1050 cupiditatem,
391 967 427 1030 in
449 989 513 1049 qua
536 966 690 1031 excellere
708 966 880 1050 pulchrum
902 970 1063 1050 putamus,
1087 967 1159 1031 labi

150 1057 269 1138 autem,
291 1076 407 1138 errare,
429 1053 562 1136 nescire,
585 1053 688 1137 decipi
711 1058 743 1117 εὴ
766 1054 889 1118 malum
907 1056 940 1117 et
958 1058 1052 1137 turpe
1071 1054 1158 1119 duci·

150 1164 231 1207 mus.
266 1142 306 1206 In
327 1143 388 1207 hoc
412 1163 528 1227 genere
552 1144 584 1205 et
606 1141 749 1206 naturali
772 1144 805 1205 et
827 1141 964 1206 honesto
989 1141 1050 1205 duo
1074 1142 1157 1207 vitia

150 1230 283 1295 vitanda
306 1234 395 1312 sunt,
417 1252 527 1312 unum,
549 1250 590 1293 ne
612 1229 779 1314 incognita
801 1251 860 1313 pro
880 1229 1019 1314 cognitis
1037 1228 1157 1294 habea-

150 1340 221 1382 mus
245 1319 347 1401 iisque
370 1321 491 1383 temere
515 1317 742 1400 assentiamur3
766 1316 852 1400 quod
874 1317 991 1381 vitium
1014 1317 1158 1402 effugere

150 1407 206 1489 qui
232 1407 321 1471 volet
348 1403 473 1488 (omnes
502 1409 609 1470 autem
635 1405 719 1470 velle
748 1403 893 1490 debent),
921 1404 1089 1469 adhibebit
1114 1405 1157 1470 ad

99 1506 131 1556 19
151 1493 398 1559 considerandas
420 1515 472 1558 res
496 1497 529 1558 et
551 1496 678 1577 tempus
702 1497 734 1556 et
757 1492 967 1577 diligentiam.
1003 1492 1157 1558 Alterum

150 1586 200 1646 est
222 1581 347 1664 vitium,
371 1580 605 1665 quodquidam
622 1580 719 1644 nimis
739 1601 893 1665 magnum
912 1580 1055 1645 studium
1073 1581 1156 1645 mul·

148 1673 281 1752 tamque
305 1691 437 1753 operam
458 1669 494 1732 in
515 1689 567 1732 res
595 1669 747 1733 obscuras
776 1673 873 1751 atque
901 1667 1049 1732 difficiles
1082 1691 1157 1734 con·

149 1755 258 1820 ferunt
285 1757 476 1838 easdemque
502 1777 568 1820 non
592 1755 798 1820 necessarias.
843 1753 965 1830 Quibus
988 1756 1077 1820 vitiis
1104 1757 1158 1821 de·

149 1843 278 1910 clinatis
306 1843 391 1926 quod
418 1843 453 1907 in
479 1843 576 1907 rebus
603 1842 748 1907 honestis
776 1846 809 1907 et
836 1843 1021 1928 cognitione
1047 1844 1156 1930 dignis

150 1952 267 2016 operae
294 1952 451 2014 curaeque
478 1933 630 2014 ponetur,
661 1930 694 1994 id
725 1931 794 1994 iure
826 1930 1025 2015 laudabitur,
1056 1935 1093 1996 ut
1120 1933 1158 1996 in

151 2018 331 2103 astrologia
353 2016 388 2082 O.
411 2015 589 2101 Sulpicium
613 2017 802 2102 audivimus,
824 2019 858 2082 in
881 2019 1060 2103 geometria
1083 2017 1155 2084 Sex.

150 2106 340 2189 Pompeium
353 2105 417 2189 ipsi
431 2104 650 2190 cognovimus,
664 2107 785 2172 multos
799 2106 834 2170 in
845 2105 1030 2189 dialecticis,
1043 2106 1155 2190 plures

149 2195 185 2258 in
206 2194 275 2258 iure
298 2193 401 2274 civili,
425 2215 506 2276 quae
525 2215 635 2257 omnes
655 2198 741 2258 artes
764 2194 799 2257 in
816 2194 885 2259 veri
902 2194 1156 2279 investigatione

150 2284 334 2363 versantur3
351 2281 441 2345 ouius
462 2280 568 2344 studio
588 2303 607 2344 a
624 2282 721 2345 rebus
740 2281 887 2366 gerendis
907 2282 1022 2347 abduci
1040 2286 1156 2348 eontra

151 2369 292 2433 officium
325 2372 383 2432 est.
427 2366 568 2432 Virtutis
601 2368 686 2432 enim
718 2369 789 2433 laus
822 2370 926 2434 omnis
957 2370 992 2434 in
1027 2371 1156 2436 actione

151 2456 313 2539 consistit3
336 2479 355 2521 a
378 2477 442 2539 qua
464 2460 574 2520 tamen
596 2456 633 2521 fit
655 2456 852 2521 intermissio
876 2478 972 2541 saepe
995 2459 1155 2543 multique

151 2544 269 2609 dantur
291 2543 332 2608 ad
355 2544 462 2608 studia
484 2543 619 2627 reditus3
648 2548 718 2608 tum
746 2544 884 2630 agitatio
911 2546 1043 2630 mentis,
1071 2569 1155 2631 quac

149 2653 326 2716 numquam
345 2631 531 2715 adquiescit,
553 2635 663 2716 potest
680 2654 739 2697 nos
762 2633 798 2696 in
820 2632 934 2697 studiis
958 2636 1154 2720 cognitionis

151 2721 250 2785 etiam
269 2719 337 2784 sinc
357 2741 455 2804 opera
472 2724 586 2785 nostra
603 2721 775 2785 continere.
811 2719 924 2786 Omnis
943 2727 1052 2787 autem
1068 2724 1159 2809 cogi-1

150 2808 233 2873 tatio
248 2812 418 2892 motusque
433 2807 533 2872 animi
547 2811 603 2873 aut
617 2808 651 2872 in
664 2808 807 2874 consiliis
827 2810 989 2894 capiendis
1004 2811 1155 2876 derebus

150 2895 296 2961 honestis
319 2899 352 2961 et
374 2896 611 2980 pertinentibus
635 2896 675 2960 ad
697 2896 778 2960 bene
800 2897 958 2981 beateque
980 2898 1154 2963 vivendum

151 2987 208 3048 aut
229 2985 265 3049 in
288 2983 403 3049 studiis
427 2983 579 3049 scientiae
602 2984 859 3069 cognitionisque
877 2987 1068 3051 versabitur.
1104 2985 1156 3052 Ac

152 3071 191 3135 de
213 3071 319 3155 primo
343 3070 471 3156 quidem
495 3071 593 3137 officii
615 3072 706 3137 fonte
729 3072 876 3139 diximus.

112 3143 133 3269 Ξ)
216 3158 266 3222 De
288 3160 393 3224 tribus
418 3163 526 3225 autem
548 3159 682 3244 reliquis
705 3160 862 3225 latissime
884 3165 977 3245 patet
999 3183 1037 3226 ea
1059 3163 1156 3247 ratio,

152 3267 216 3329 qua
239 3246 376 3311 societas
398 3247 565 3313 hominum
588 3247 673 3312 inter
694 3248 784 3332 ipsos
803 3251 836 3312 et
853 3250 940 3315 vitae
958 3250 1052 3333 quasi
1070 3273 1156 3316 eom-

151 3332 293 3397 munitas
313 3334 509 3418 continetur3
531 3335 620 3402 euius
639 3340 748 3420 partes
768 3336 861 3420 duae,
883 3337 1017 3421 iustitia,
1037 3338 1074 3402 in
1091 3361 1157 3422 qua

151 3420 283 3486 virtutis
307 3425 356 3485 est
380 3423 532 3506 splendor
549 3422 717 3507 maximus,
740 3446 779 3489 ex
797 3447 861 3508 qua
878 3425 941 3490 viri
958 3425 1036 3490 boni
1053 3428 1157 3492 nomi·

150 3512 284 3594 nantur,
308 3514 340 3573 et
362 3508 438 3575 huic
461 3511 630 3577 coniuncta
652 3512 876 3598 beneficentia,
901 3536 996 3599 quam
1020 3514 1156 3581 eandem

72 3644 115 3704 k
