2446 3944
437 186 676 252 -313-

61 360 202 437 quonan'r
228 355 323 453 pacto
355 354 493 416 mortem
516 349 662 416 Africani
687 352 787 436 feras,
820 373 921 436 eoque
948 355 1063 439 magis,

62 440 147 524 quod
169 439 325 524 proximis
347 437 451 504 Nonis
474 461 547 504 cum
568 439 603 503 in
624 439 700 504 hort
686 443 737 505 os
756 439 796 504 D
814 437 909 504 Bruti
932 443 1064 527 auguris

62 531 224 593 comment
209 527 300 592 tandi
326 530 500 678 oausa,ut
463 526 669 611 ut,adsolet
700 527 913 612 venissemus,
940 532 977 594 tu
998 551 1065 594 non

63 615 204 700 adfuisti,
228 615 283 698 qui
306 615 361 679 dil
352 618 442 700 rgent
443 614 553 679 issime
571 636 698 700 semper
715 615 809 679 illum
827 615 912 680 diem
930 621 963 681 et
981 617 1064 682 illud

63 725 178 768 munus
202 703 279 768 solit
252 724 318 768 rus
341 724 427 767 esses
451 703 549 767 obire.

129 790 292 858 Scrrvoar.
332 788 498 866 Quaerunt
530 790 671 873 quidem,
700 787 734 856 Ο.
756 789 861 875 Laeli,
887 793 996 877 multi,
1027 795 1100 858 ut8

63 883 114 942 est
137 901 157 943 a
178 877 301 942 Fannio
325 879 390 942 dict
376 882 455 962 tum,
478 878 534 941 sed
557 898 616 963 ego
639 878 672 941 id
690 842 876 978 responded,
895 880 981 963 quod
999 881 1065 945 ani-

64 988 153 1030 mum
176 966 308 1050 adverti,
331 970 364 1030 te
387 966 541 1049 dolorem,
564 987 659 1049 quem
678 966 837 1051 acceperis
857 989 928 1031 eum
948 968 1066 1032 summi

63 1053 139 1136 viri,
165 1056 236 1117 ιιιιιι
259 1053 456 1118 amicissumi
478 1017 597 1137 moite,
624 1053 709 1117 ferre
739 1054 903 1119 moderate
925 1077 984 1120 nec
1010 1077 1066 1140 po·

63 1141 165 1206 tuisse
186 1162 254 1205 non
275 1141 471 1207 commoveri
493 1163 551 1206 nec
572 1141 672 1206 fuisse
690 1141 724 1205 id
740 1141 934 1206 humanitat
910 1145 953 1206 trs
976 1146 1066 1227 tuae,

63 1229 150 1313 quod
172 1232 282 1293 autem
304 1228 439 1294 Nonis
430 1251 465 1293 ιιι
492 1229 638 1314 conlegio
665 1232 779 1294 nostro
805 1250 872 1294 non
899 1230 1066 1314 adfuisses,

62 1316 275 1383 valitudinem
294 1317 472 1402 respondeo
496 1339 641 1401 causam,
659 1337 727 1381 non
744 1317 940 1382 maestitiam
957 1318 1066 1382 fuisse.

128 1405 272 1470 Lunares.
312 1404 411 1469 Recte
433 1408 471 1469 tu
494 1404 631 1488 quidem,
654 1402 816 1488 Scaevola,
839 1408 872 1468 et
893 1426 982 1489 vere,
1007 1427 1067 1470 nee

64 1492 150 1557 enim
173 1492 214 1557 ab
236 1492 301 1556 isto
325 1491 441 1575 officio,
464 1493 550 1576 quod
573 1513 699 1576 semper
720 1492 891 1576 usurpavi,
918 1514 991 1557 cum
1012 1515 1067 1559 va-

65 1582 180 1664 lerem,
208 1579 323 1645 abduci
344 1580 547 1644 incommodo
569 1601 642 1644 meo
670 1578 777 1662 debui,
808 1601 867 1644 nec
893 1580 962 1645 ullo
990 1602 1067 1646 casu

64 1668 208 1733 arbitror
238 1668 300 1732 hoc
327 1667 490 1732 constanti
517 1667 641 1731 homini
671 1666 766 1751 posse
798 1666 998 1753 contingere,
1029 1673 1066 1733 ut

62 1757 133 1820 ulla
154 1754 352 1820 intermissio
378 1755 437 1819 fiat
465 1754 571 1818 officii.
616 1753 665 1818 Tu
688 1757 811 1838 autem,
836 1753 953 1838 Fanni,
981 1756 1100 1839 quode

63 1843 145 1907 mihi
167 1847 295 1907 tantum
318 1842 419 1906 tribui
442 1842 536 1925 dicis,
559 1845 716 1925 quantum
739 1862 800 1927 ego
817 1864 877 1908 nec
904 1844 1065 1928 adgnosco

62 1952 123 1995 nec
141 1931 285 2014 postulo,
316 1929 396 1994 facis
425 1929 539 2012 amice;
571 1930 639 2013 sed,
669 1932 708 1992 ut
730 1929 811 1994 mihi
836 1930 969 2015 videris,
1000 1953 1068 1996 non

64 2021 152 2083 recte
173 2018 295 2082 iudicas
319 2017 357 2081 de
374 2016 510 2100 Catone3
533 2020 590 2081 aut
608 2016 694 2081 eninr
710 2039 815 2100 nemo,
833 2019 919 2101 quod
938 2018 1067 2102 quidem

65 2105 170 2190 magis
193 2106 297 2187 credo,
320 2108 386 2187 aut,
409 2105 437 2168 si
460 2105 638 2189 quisquam,
661 2104 718 2168 ille
741 2105 870 2189 sapiens
891 2106 963 2170 fuit.
996 2105 1066 2181 Quo

65 2194 170 2277 modo,
192 2196 229 2256 ut
248 2193 313 2257 alia
331 2193 490 2277 omittam,
508 2196 647 2258 mortem
664 2192 726 2256 filii
743 2193 833 2257 tulit!
857 2194 1067 2259 memineram

63 2281 211 2365 Paulum,
233 2281 378 2346 videram
402 2279 533 2364 Galum,
565 2281 621 2344 sed
647 2281 683 2344 hi
712 2280 747 2344 in
772 2282 895 2366 pueris,
923 2280 1005 2347 Cato
1032 2283 1067 2345 in

63 2368 208 2454 perfecto
232 2372 265 2432 et
287 2371 433 2452 spectato
455 2369 535 2432 viro.
570 2366 675 2444 Quam
698 2368 739 2432 ob
762 2390 831 2432 rem
854 2391 930 2434 cave
949 2368 1067 2435 Catoni
1086 2388 1118 2438 ιο

65 2459 243 2540 anteponas
265 2477 306 2519 ne
328 2456 428 2520 istum
451 2455 579 2539 quidem
601 2455 722 2540 ipsum,
749 2477 845 2539 quern
868 2455 1003 2541 Apollo,
1029 2461 1067 2521 ιιι

65 2543 123 2626 ais,
146 2543 421 2628 sapientissimum
443 2542 610 2626 iudicavit3
631 2542 727 2607 huius
751 2543 837 2607 enim
858 2543 955 2627 faeta,
977 2545 1066 2608 illius

64 2632 151 2696 dicta
173 2632 355 2696 laudentur.
400 2631 449 2695 De
472 2651 523 2694 me
546 2633 663 2714 autem,
685 2633 723 2694 ut
745 2630 810 2694 iam
833 2651 906 2695 curn
927 2634 1067 2714 utroque

64 2721 193 2803 loquar,
216 2720 262 2784 sic
284 2720 451 2783 habetote:

130 2806 203 2891 Ego
223 2808 250 2870 si
269 2805 427 2891 Scipionis
446 2804 603 2869 desiderio
617 2826 669 2869 me
685 2805 809 2869 moveri
826 2825 951 2889 negem,
970 2826 1067 2888 quam
1086 2807 1106 2871 3

63 2894 98 2958 id
121 2898 207 2958 recte
228 2895 355 2978 faciam,
377 2893 518 2958 viderint
541 2892 716 2976 sapientes3
739 2891 796 2956 sed
816 2895 901 2956 certe
920 2891 1067 2958 mentiar.

63 2981 197 3047 Moveor
223 2982 308 3046 enim
331 2983 392 3046 tali
415 2982 517 3046 amico
541 2980 688 3064 orbatus,
715 2980 835 3064 qualis,
858 2982 894 3043 ut
917 2979 1067 3064 arbitror,

63 3091 159 3133 nemo
177 3092 332 3153 umquam
351 3071 421 3153 erit,
443 3074 481 3134 ut
499 3069 688 3134 confirmare
706 3089 848 3170 possum,
865 3088 960 3132 nemo
981 3071 1067 3132 certe

63 3156 140 3239 fuit,
172 3158 228 3221 sed
258 3180 324 3222 non
356 3179 435 3244 egeo
463 3156 633 3241 medicina,
665 3178 716 3220 me
743 3156 812 3242 ipse
839 3156 1002 3239 consolor,
1034 3160 1067 3220 et

63 3206 203 3309 maxime
226 3245 285 3310 illo
309 3247 443 3329 solacio,
473 3246 559 3329 quod
582 3266 619 3309 eo
638 3266 746 3308 errore
769 3264 876 3329 careo,
903 3264 967 3329 quo
991 3244 1067 3345 ami-

63 3354 175 3398 corum
198 3334 330 3398 decessu
352 3334 497 3419 plerique
521 3332 597 3418 angi
621 3333 736 3396 solent
771 3329 813 3396 N‘
841 3329 848 3345 ⁸

64 3419 149 3484 disse
173 3419 316 3506 Scipioni
338 3425 427 3506 puto,
449 3421 530 3485 mihi
553 3420 677 3520 accidit,
701 3419 728 3483 si
751 3416 842 3503 qriidr

63 3512 173 3572 autem
196 3509 422 3574 incommodis
430 3509 538 3594 gravit
539 3530 574 3572 er
597 3507 675 3594 angi
696 3528 762 3571 non
