2446 3944
459 192 701 258 -235-

77 356 188 422 inutili
207 357 248 422 ad
266 357 454 442 sapientem,
472 357 606 442 bonum,
623 359 743 424 fortem
760 359 867 425 virum
885 359 1082 425 transferan-

77 450 133 511 tur
151 467 202 510 res
221 446 263 510 ad
279 445 452 512 vivendum
468 447 682 525 necessariae,
701 448 757 531 qui
775 446 803 512 si
822 447 983 533 occiderit,
1001 448 1082 512 mul·

77 536 150 599 tum
177 534 215 598 de
242 534 405 599 communi
431 534 575 599 utilitate
598 535 787 619 detraxerit,
820 536 916 600 modo
944 536 1005 601 hoc
1033 536 1082 599 ita

77 621 191 706 faciat,
213 624 250 686 ut
272 643 312 686 ne
334 622 404 706 ipsa
427 622 466 687 de
484 644 519 687 se
541 623 623 688 bene
642 624 831 687 existimans
855 645 988 707 seseque
1011 623 1081 687 dili-

78 709 1083 882 tlt?ttgsstttilletduttttilhhrt}

79 907 177 969 quam
209 906 305 969 saepe
333 907 563 969 commem0r0,
592 886 752 951 humanae
785 885 942 952 societati.
995 885 1082 951 Nam
1101 903 1134 952 οι

79 973 165 1057 quod
180 972 221 1036 ad
234 972 402 1037 Phalarim
415 974 547 1051 attinet,
560 973 715 1058 perfacile
727 974 880 1039 iudicium
894 979 953 1039 est.
980 973 1082 1039 Nulla

79 1065 130 1125 est
148 1060 234 1124 enim
253 1061 390 1125 societas
409 1061 504 1126 nobis
522 1084 595 1126 cum
610 1061 772 1146 tyrannis,
785 1066 818 1126 et
831 1062 941 1146 potius
956 1083 1083 1126 summa

79 1149 248 1213 distractio
267 1152 318 1212 est
325 1171 453 1232 ,neque
472 1153 523 1214 est
540 1153 654 1214 contra
670 1154 822 1215 naturam
841 1150 982 1235 spoliare
1001 1171 1083 1232 eum,

79 1237 109 1301 si
129 1236 249 1321 possis,
272 1258 368 1320 quam
391 1241 441 1301 est
458 1237 630 1302 honestum
647 1259 774 1316 necare,
793 1241 890 1321 atque
907 1237 969 1302 hoc
988 1257 1082 1301 omne

80 1346 181 1425 genus
204 1324 394 1409 pestiferum
417 1329 515 1409 atque
535 1326 672 1410 impium
694 1348 734 1390 ex
756 1287 924 1390 hominum
943 1347 1083 1390 commu

79 1413 182 1477 niatte
206 1412 483 1477 exterminandum
506 1417 565 1478 est.
601 1413 741 1497 Etenim,
763 1417 801 1478 ut
786 1414 969 1478 tmembra
988 1433 1082 1496 quae

80 1490 154 1565 dam
186 1504 405 1584 amputantur,
438 1501 466 1564 si
498 1501 571 1566 et
562 1523 634 1585 rpsa
666 1502 822 1586 sanguine
854 1504 887 1564 et
913 1504 1082 1583 tamquam

81 1588 199 1672 spiritu
225 1610 333 1652 carere
357 1593 530 1739 coeperunt
563 1593 596 1653 et
626 1593 743 1654 nocent
770 1589 904 1672 reliquis
933 1589 1082 1672 partibus

78 1676 237 1760 eorporis,
261 1676 307 1740 sic
329 1676 374 1739 ist
376 1700 395 1740 a
416 1677 451 1740 in
473 1677 579 1762 figura
600 1677 741 1741 hominis
760 1676 836 1740 ferit
822 1681 873 1741 tas
897 1677 956 1740 οι
946 1676 1082 1740 mmani-

79 1766 131 1828 tas
154 1764 268 1827 beluae
292 1786 311 1827 a
334 1764 495 1829 communi
522 1768 689 1848 tamquam
711 1764 925 1829 humanitatis
949 1784 1082 1848 corpora

81 1851 282 1937 segreganda
304 1855 362 1915 est.
406 1851 512 1917 Huius
540 1853 666 1938 generis
690 1853 895 1936 quaestiones
918 1855 994 1916 sunt
1017 1873 1083 1916 om-

79 1960 138 2003 nes
161 1960 229 2022 cae,
252 1939 425 2022 inquibus
449 1962 488 2004 ex
510 1944 656 2024 tempore
679 1940 822 2005 officium
844 1940 1032 2024 exquiritur.

146 2025 226 2091 Eius
254 2027 342 2091 modi
368 2027 470 2112 igitur
492 2027 586 2093 credo
613 2049 665 2092 res
687 2027 878 2093 Panaetium
901 2030 1083 2112 persecutu·
1101 2005 1135 2132 {3

79 2137 152 2178 rum
174 2113 290 2196 fuisse,
316 2115 381 2178 nisi
403 2115 504 2198 aliqui
532 2137 624 2180 casus
648 2119 704 2180 aut
728 2116 896 2200 occupatio
920 2115 988 2178 eius
1010 2135 1083 2179 oon·

81 2203 190 2266 silium
213 2202 413 2285 peremisset.
452 2203 505 2266 Ad
528 2224 608 2286 quas
637 2203 725 2288 ipsas
753 2203 1008 2269 consultationes
1032 2223 1083 2266 su·

80 2289 261 2390 perioribus
279 2289 373 2353 libris
392 2290 472 2354 satis
491 2291 595 2355 multa
612 2294 765 2375 praecept
766 2313 786 2355 a
804 2295 889 2374 sunt,
909 2312 948 2354 ex
967 2289 1083 2373 quibus

81 2377 221 2462 perspici
243 2377 360 2461 possit,
383 2377 461 2459 quid
484 2378 527 2442 sit
548 2382 646 2463 propt
648 2400 682 2442 er
705 2341 938 2462 turpitudinem
960 2376 1129 2462 fugien-

81 2465 171 2547 dum,
194 2465 271 2547 quid
294 2465 350 2547 sit,
374 2465 459 2549 quod
480 2465 598 2531 idcirco
621 2465 810 2566 fugiendum
833 2465 974 2548 nonsit,
998 2463 1084 2546 quod

81 2553 211 2617 omnino
235 2556 329 2637 turpe
355 2574 423 2616 non
449 2553 500 2618 sit.
545 2550 783 2653 sedquoniam
802 2553 900 2654 operi
921 2552 1084 2634 inchoato,

80 2662 181 2724 prope
203 2644 315 2704 tamen
333 2641 463 2704 absolu
449 2644 484 2704 ο
507 2643 675 2723 tamquam
696 2639 773 2704 fast
749 2641 867 2725 trgium
889 2639 1084 2724 inponimuS,

81 2731 119 2792 ut
142 2731 326 2813 geometrae
350 2728 456 2793 soleirt
478 2749 544 2792 non
563 2727 671 2792 omnia
690 2726 815 2805 docere,
834 2727 890 2791 sed
907 2727 1085 2811 postulare,

81 2820 119 2879 ut
142 2816 299 2899 quaedam
326 2816 390 2881 sibi
416 2815 640 2899 concedantur,
668 2837 731 2899 quo
753 2777 894 2899 facilius,
922 2835 1004 2897 quae
1030 2834 1085 2877 vo-

82 2903 167 2987 lunt,
195 2904 368 2988 explicent,
397 2903 442 2969 sic
470 2925 531 2988 ego
559 2926 579 2968 a
604 2866 640 2967 te'
660 2924 720 2988 pos
721 2903 805 2987 tulo,
827 2903 873 2967 mi
896 2899 1021 2985 Cicero,
1047 2902 1085 2964 ut

81 2991 163 3055 mihi
189 2992 357 3075 concedas,
385 2991 413 3055 si
439 2996 547 3076 potae,
573 2990 655 3055 nihil
682 2994 812 3076 praeter
833 2991 879 3073 id,
912 2987 998 3073 quod
1029 2988 1085 3052 ho

80 3083 210 3143 nestum
234 3081 277 3143 sit
281 3083 446 3163 ,propter
465 3100 499 3143 se
518 3101 589 3143 esse
608 3079 828 3163 expetendum
865 3076 923 3141 Sin
940 3076 1002 3141 hoc
1019 3097 1086 3140 non

81 3167 157 3232 licet
184 3189 242 3252 per
269 3166 358 3233 Orat
334 3171 474 3252 trppum,
502 3170 537 3231 at
562 3166 644 3231 illud
671 3170 757 3231 certe
784 3166 889 3243 dabis,
917 3163 1003 3248 quod
1029 3164 1085 3229 ho·

80 3259 210 3319 nestum
237 3255 294 3334 sit,
320 3255 354 3319 id
381 3277 451 3319 esse
478 3276 627 3320 maxume
649 3259 783 3339 propter
806 3276 840 3319 se
863 3257 958 3338 expet
944 3252 1085 3316 t.endum

80 3341 226 3407 Mihit
189 3366 210 3407 ιι
212 3343 349 3407 trumvis
377 3343 458 3408 satis
486 3347 537 3407 est
566 3346 598 3407 at
625 3345 696 3406 tum
719 3343 793 3426 hoc,
816 3347 887 3407 tum
909 3340 991 3405 illud
1013 3362 1085 3424 pro-

80 3431 222 3496 habilius
253 3431 382 3496 videtur
411 3452 471 3495 nac
502 3433 671 3532 praeterea
703 3431 875 3515 quiequam
906 3429 1086 3514 probabile.

80 3519 129 3584 Ao
155 3519 297 3604 primum
324 3519 358 3583 in
384 3518 447 3584 hoc
469 3518 643 3583 Panaetius
671 3518 885 3584 defendendus
914 3521 976 3597 est,
1001 3464 1160 3715 ιιοιι(
