2446 3944
338 742 386 815 M.
416 741 559 814 TULLI
586 738 832 814 CICERONIS

101 904 232 992 CATO
264 903 435 989 MlloR
466 904 539 988 DE
571 902 872 991 sadducum
904 904 1066 988 LlBER

270 1087 332 1154 nu
356 1087 391 1153 r.
413 1087 674 1154 POMPONTUM
696 1087 900 1154 leucon.

417 1373 757 1434 ARGUMENTUM.

152 1491 207 1546 Hic
226 1491 306 1557 liber,
325 1489 374 1559 qui
392 1506 409 1544 a
424 1489 557 1543 Cicerone
576 1488 696 1558 scriptus
715 1492 744 1544 et
762 1490 854 1544 editus
871 1489 915 1544 est
929 1505 1001 1544 anno
1015 1507 1043 1560 p.
1058 1506 1087 1546 u.

82 1579 106 1616 c.
127 1568 178 1617 '110
197 1564 232 1632 (a.
252 1561 314 1616 Chr,
333 1562 386 1630 44),
406 1559 551 1628 dialogum
569 1560 695 1613 continet
713 1559 748 1614 de
767 1561 910 1614 senectute
928 1558 1088 1614 habituma

82 1631 119 1686 Μ.
138 1631 237 1696 Porcio
258 1631 362 1685 Catone
382 1629 514 1683 Censorio
534 1646 596 1683 cum
616 1628 644 1685 C.
662 1629 759 1684 Laelio
780 1632 809 1684 et
826 1630 855 1684 P.
877 1629 1005 1684 Cornelio
1029 1629 1087 1684 Sci-

103 1701 180 1768 ione,
204 1701 253 1771 qui
270 1702 371 1771 postea
392 1699 540 1753 Africanus
562 1699 653 1753 minor
675 1699 834 1770 appellatus
858 1701 913 1763 est,
941 1716 1027 1764 anno,
1055 1702 1087 1754 ut

82 1720 212 1841 lingitur,
234 1791 262 1842 p.
281 1789 307 1824 u.
327 1788 350 1825 c.
370 1778 430 1838 604,
449 1770 479 1824 T.
499 1768 629 1833 Quinctio
647 1769 804 1825 Flaminino
822 1766 867 1825 Μ’.
886 1770 978 1825 Acilio
997 1770 1086 1825 Balbo

83 1858 153 1898 coss.
190 1840 341 1911 Appellato
359 1841 480 1911 primum
498 1840 594 1894 Attico
618 1841 648 1894 et
666 1841 806 1910 explicata
826 1857 923 1908 causa,
948 1857 1030 1910 quarn
1050 1842 1086 1896 ob

83 1928 142 1965 rem
168 1912 222 1966 hoc
245 1913 440 1981 argumentum
462 1911 583 1965 tractare
610 1911 744 1978 voluerit,
772 1913 829 1965 iam
857 1927 1010 1966 sermonem
1037 1911 1086 1966 ille

83 1981 153 2036 olim
170 1998 187 2035 a
204 1984 240 2037 M.
261 1981 366 2036 Catone
389 1981 550 2036 institutum
578 1997 607 2035 se
634 1982 786 2035 relaturum
809 1999 870 2036 esse
893 1980 1035 2051 promittit
1058 1983 1088 2035 et

82 2052 163 2105 illum
181 2052 223 2106 ita
244 2052 407 2120 loquentem
432 2052 467 2106 de
495 2052 638 2105 senectute
661 2050 742 2119 facit,
767 2055 800 2106 ut
824 2053 957 2120 quattuor
979 2068 1087 2121 causas,

83 2139 154 2191 quae
173 2123 276 2177 adferri
294 2122 411 2187 soleant,
430 2137 514 2189 quam
532 2123 568 2176 ob
586 2139 645 2175 rem
662 2123 782 2176 molesta
800 2124 830 2176 et
842 2122 945 2176 misera
958 2124 1087 2176 senectus

82 2193 128 2261 sit,
147 2192 313 2261 singillatim
332 2193 497 2261 pertractet,
521 2194 551 2246 et
572 2191 622 2245 illa
644 2195 809 2262 argumenta
831 2193 982 2262 separatim
1004 2192 1086 2247 refel-

82 2265 140 2317 lere
159 2263 284 2331 studeat,
306 2263 428 2332 primum
450 2261 525 2330 quod
548 2263 675 2316 senectus
698 2264 799 2316 avocet
816 2279 834 2316 a
850 2262 932 2316 rebus
955 2262 1086 2332 gerendis

84 2337 155 2404 (cap.
175 2335 266 2403 6-8),
289 2332 390 2387 deinde
414 2332 488 2401 quod
507 2348 606 2401 corpus
625 2331 712 2385 faciat
734 2332 869 2386 infirmius
905 2349 964 2402 cap.
989 2339 1085 2387 9-11.

83 2411 98 2470 ς
116 2406 242 2473 27-38),
261 2404 321 2456 tum
336 2403 411 2470 quod
423 2401 519 2526 privet
535 2400 662 2455 omnibus
680 2400 738 2456 fere
756 2401 898 2471 voluptati
918 2421 949 2456 us
965 2405 1035 2472 (cap.
1053 2410 1085 2457 12

83 2475 173 2544 -1e),
192 2473 312 2541 denique
331 2473 406 2541 quod
444 2471 499 2526 aud
521 2470 620 2540 procul
637 2471 713 2525 absit
729 2487 748 2526 a
764 2475 854 2525 morte
878 2475 949 2541 (cap.
961 2475 1085 2541 19-24).

1102 2694 1118 2754 1

128 2719 270 2804 OTite,
294 2720 326 2784 si
345 2719 435 2803 quid
453 2740 523 2804 ego
543 2718 698 2784 adiuero
724 2739 903 2783 curamve
921 2717 1086 2798 levasso,
1106 2771 1121 2819 1

128 2809 228 2884 Quae
242 2830 340 2872 nunc
354 2811 392 2871 te
415 2806 546 2890 coquit
565 2809 602 2870 et
619 2810 753 2871 versat
766 2805 805 2869 in
822 2808 978 2890 pectore
996 2806 1086 2890 fixa,

126 2896 275 2980 Ecquid
298 2895 373 2959 erit
395 2894 562 2979 praemi?

82 2983 174 3049 Licet
201 2983 286 3048 enim
318 2982 399 3046 mihi
424 2982 570 3046 versibus
603 2981 722 3046 eisdem
754 2981 857 3044 adfari
889 2984 936 3065 te,
968 2980 1086 3065 Attice,

82 3072 200 3155 quibus
224 3071 354 3135 adfatur
376 3069 592 3133 Flamininum

126 3158 201 3229 Ille
219 3158 278 3222 vir
295 3158 395 3222 haud
413 3178 549 3242 magna
568 3178 648 3221 cum
666 3178 718 3241 re,
737 3157 802 3221 sed
820 3156 958 3240 plenus
974 3156 1085 3239 fidei3

81 3269 279 3331 quamquam
303 3249 390 3310 certo
414 3245 480 3310 scio
502 3266 576 3329 non,
598 3249 636 3310 ut
657 3245 885 3328 Flamininum,

129 3332 352 3398 Sollicitari
374 3336 426 3416 te,
449 3330 554 3416 Tite,
578 3332 633 3398 sic
654 3337 866 3416 noctesque
890 3332 1059 3415 diesque3

81 3422 159 3486 novi
195 3421 281 3486 enim
312 3420 565 3485 moderationem
602 3420 701 3485 animi
737 3421 786 3485 tui
818 3424 850 3485 et
889 3420 1087 3502 aequitatem

131 3525 313 3582 mitraton,
328 3526 372 3571 dtu
386 3525 503 3582 pullulant.
517 3525 631 3580 &dritten
891 3530 924 3580 18
1163 3522 1165 3527 '
