2446 3944
498 205 739 270 -557-

106 364 203 447 filiae,
223 361 387 428 Conlatini
405 363 507 448 uxori,
526 364 593 429 vim
612 365 776 429 attulisset
795 364 975 449 mulierque
997 364 1121 448 pudens

107 456 141 517 et
167 452 285 517 nobilis
316 453 356 518 ob
389 453 480 518 illum
512 452 663 517 iniuriam
698 474 768 517 sese
800 453 875 538 ipsa
906 456 1012 517 morte
1039 452 1121 518 mul·

109 541 256 625 tavisset,
278 544 349 606 tum
372 541 422 606 vir
445 541 575 625 ingenio
599 545 632 606 et
649 541 768 606 virtute
787 545 967 625 praestans,
988 541 1024 606 L.
1043 541 1123 606 Bru·

108 633 172 714 tus,
200 629 324 714 depulit
346 652 366 694 u
388 631 511 695 civibus
540 630 607 694 suis
635 629 794 694 iniustum
822 629 903 694 illud
933 630 1031 694 durae
1055 651 1121 694 ser·

107 718 222 783 ritutis
249 718 372 803 iugum.
418 716 481 793 Qui
508 740 581 783 cum
608 718 756 803 privatus
788 720 889 798 esset,
921 722 1025 783 totam
1046 739 1122 792 *rem

107 806 272 890 publicam
305 807 461 872 sustinuit
487 808 675 891 primusque
704 807 737 871 in
764 806 826 871 huc
853 804 985 871 civitate
1014 806 1123 871 docuit

107 895 142 958 in
170 896 391 960 conservanda
418 896 535 960 civium
559 896 710 960 libertate
739 917 810 960 esse
833 895 997 978 privatum
1024 895 1122 958 nemi·

111 1005 194 1047 nem.
241 983 310 1060 Quo
344 986 475 1049 auctore
509 987 542 1048 et
573 984 717 1068 principe
750 983 912 1048 concitata
944 983 1059 1047 ciuitas
1090 986 1123 1047 et

110 1070 171 1136 hec
212 1072 334 1137 recenti
375 1072 520 1157 querella
561 1071 727 1137 Lucretiae
763 1073 867 1157 patris
913 1091 950 1136 ac
990 1071 1125 1154 propin-

112 1180 251 1243 quorum
284 1165 316 1225 et
347 1161 570 1226 recordatione
603 1160 773 1243 superbiae
806 1158 975 1243 Tarquinii
1010 1159 1124 1222 multa-

110 1269 247 1333 rumque
280 1249 469 1315 iniuriarum
503 1253 536 1314 et
566 1248 668 1333 ipsius
702 1253 735 1312 et
765 1248 906 1312 filiorum
938 1248 1064 1311 exulem
1091 1250 1124 1310 et

111 1358 222 1438 regem
245 1339 351 1421 ipsum
376 1342 409 1402 et
430 1338 550 1402 liberos
573 1337 642 1401 eius
666 1341 700 1401 et
722 1340 852 1421 gentem
875 1335 1123 1420 Tarquiniorum

109 1444 180 1488 esse
203 1425 306 1490 iussit.

174 1510 345 1577 Videtisne
359 1513 467 1596 igitur,
485 1516 522 1576 ut
541 1512 580 1577 de
593 1534 669 1597 rege
685 1513 833 1578 dominus
852 1512 996 1577 extiterit
1014 1511 1122 1575 unius-

110 1621 226 1683 quevr
217 1601 273 1664 tio
298 1621 400 1702 genus
427 1601 474 1664 rei
500 1600 650 1703 publicae
673 1623 712 1666 ex
737 1600 857 1666 bono
846 1623 881 1664 rn
904 1602 1123 1665 deterrumum

110 1709 301 1753 conversum
325 1694 368 1753 s1
354 1689 389 1753 ?
436 1688 572 1753 Hict
521 1691 572 1753 est
594 1690 680 1754 enim
703 1690 853 1754 dominus
876 1690 1004 1773 populi,
1028 1709 1123 1772 quem

110 1774 226 1841 Graeci
265 1780 441 1860 tyrannum
488 1782 624 1863 rocaut3
665 1800 741 1842 nem
782 1798 892 1862 regem
933 1777 1027 1841 illum
1068 1798 1123 1840 vo-

109 1864 182 1929 lunt
210 1886 293 1945 esse,
321 1866 376 1950 qui
404 1865 546 1931 consulit
572 1869 609 1930 ut
638 1887 755 1951 parens
785 1866 908 1949 populo
936 1869 1121 1930 conservat

109 1974 170 2032 que
193 1975 260 2037 eos,
284 1954 399 2037 quibus
419 1957 469 2018 est
486 1954 702 2038 praepositus,
727 1976 824 2038 quam
843 1954 968 2038 optima
990 1954 1025 2018 in
1047 1974 1123 2018 con-

110 2041 234 2106 dicione
266 2043 407 2122 vivendi,
440 2065 517 2108 sane
548 2043 688 2126 bonum,
719 2047 757 2108 ut
784 2043 863 2122 dixi,
895 2043 943 2107 rei
975 2041 1122 2127 publicae

109 2149 220 2214 genus,
243 2131 299 2196 sed
321 2135 432 2196 tamen
454 2131 645 2197 inclinatum
664 2136 698 2197 et
716 2131 809 2215 quasi
826 2153 968 2215 pronum
991 2131 1032 2196 ad
1054 2152 1124 2215 per-

109 2218 361 2285 niciosissimum
389 2223 520 2286 statum.
566 2219 670 2286 Simul
697 2224 796 2303 utque
823 2220 909 2284 enim
937 2241 972 2284 se
999 2219 1124 2283 inflexit
1142 2234 1177 2285 48

110 2307 241 2372 hierax
263 2309 298 2372 iu
318 2309 517 2374 dominatum
540 2309 753 2391 iniustiorem,
775 2309 815 2372 fit
836 2309 991 2372 continuo
1014 2311 1123 2389 tyran-

110 2414 180 2476 nus,
204 2417 267 2479 quo
290 2417 395 2496 neque
418 2397 555 2460 taetrius
577 2417 681 2478 neque
707 2395 834 2459 foedius
860 2416 920 2459 nee
947 2393 997 2457 dis
1020 2393 1123 2458 homi·

111 2448 308 2565 nibirsque
299 2483 434 2547 invisius
467 2483 589 2547 animal
620 2483 722 2547 ullum
752 2482 889 2566 cogitari
916 2484 1036 2565 potest,
1070 2481 1124 2583 qui

111 2591 306 2652 quamquam
328 2570 434 2653 figura
457 2574 506 2635 est
527 2570 684 2654 hominis,
707 2591 832 2634 morum
854 2569 997 2634 tumen
987 2570 1124 2634 mmani-

109 2660 178 2721 tate
205 2658 408 2723 vastissimas
434 2659 536 2722 vincit
564 2659 686 2722 beluas.
732 2656 814 2742 Quis
840 2658 927 2722 euim
954 2657 1038 2722 hunc
1066 2658 1123 2722 ho·

111 2746 231 2810 minem
262 2747 326 2810 rite
358 2746 486 2828 dixerit,
519 2746 574 2830 qui
606 2745 668 2810 sibi
700 2767 772 2811 cum
805 2746 872 2811 suis
902 2746 1040 2829 civibus,
1069 2748 1123 2830 qui

112 2834 249 2917 denique
269 2856 341 2900 cum
364 2835 452 2899 omni
471 2834 638 2899 homiuum
663 2855 778 2920 genere
796 2835 921 2898 nullam
939 2834 1019 2898 iuris
1038 2856 1123 2899 com·

110 2924 307 3008 munionem,
329 2923 453 2987 nullam
476 2923 691 2988 humanitatis
715 2924 904 2988 societatem
922 2923 1022 2988 velit?
1060 2920 1123 2986 Sed

111 3011 173 3075 erit
199 3011 262 3077 hoc
290 3013 328 3076 de
356 3032 473 3096 genere
500 3011 595 3076 nobis
628 3012 709 3076 alius
738 3013 843 3094 aptior
871 3010 995 3075 dicendi
1022 3011 1122 3093 locus,

111 3121 185 3164 oum
216 3123 268 3165 res
297 3102 369 3185 ipsa
401 3100 618 3183 admonuerit,
654 3102 692 3163 ut
727 3100 762 3163 iu
793 3121 849 3164 eos
881 3099 1034 3183 dicamus,
1067 3099 1122 3184 qui

111 3188 209 3253 etiam
231 3189 369 3254 liberate
392 3188 459 3253 ium
479 3188 609 3253 civitate
633 3188 871 3253 dominationes
890 3187 1121 3271 adpetiverunt.

177 3364 294 3429 Tenuit
316 3365 417 3450 igitur
438 3365 501 3430 hoc
523 3365 556 3430 in
586 3368 674 3430 statu
702 3366 833 3430 senatus
861 3386 930 3428 rem
956 3312 1174 3449 publicum32

109 3453 309 3536 temporibus
331 3455 407 3538 illis,
430 3455 523 3518 utin
545 3455 665 3538 populo
689 3452 792 3519 libero
815 3475 918 3537 pauca
940 3476 998 3539 per
1020 3416 1156 3696 pop?

1133 1480 1176 1544 26

1141 1583 1175 1633 47

110 3540 188 3627 lum,
209 3542 363 3627 pleraque
381 3547 513 3608 senatus
533 3543 725 3609 auctoritate
749 3545 782 3608 et
804 3542 956 3609 instituto
976 3564 1014 3608 ae
1031 3563 1085 3608 mo
