2446 3944
463 193 704 258 -189-

84 374 157 417 rum
175 372 294 437 genera
310 372 495 437 persequar,
519 374 600 436 quae
617 351 781 438 pertinent
800 352 841 417 ad
858 353 945 418 vitae
963 355 1087 418 cultum

83 444 118 504 et
145 440 187 505 ad
213 460 323 504 earum
345 461 466 524 rerum,
495 440 611 524 quibus
639 442 776 504 utuntur
800 439 961 526 homines,
987 441 1087 506 facul·

83 531 194 611 tatem,
222 527 263 591 ad
285 548 376 611 opes,
400 528 440 591 ad
468 529 577 612 copias
602 527 676 611 [;in
699 531 855 611 quotum
879 529 990 613 quaeri
1013 529 1087 613 dixi,
1158 594 1161 600 ,

85 615 161 698 quid
183 614 277 698 utile,
305 614 381 697 quid
402 615 531 699 inutile,
557 620 628 680 tum
651 638 690 679 ex
717 615 853 681 utilibus
876 617 952 701 quid
974 617 1087 680 utilius

85 706 142 766 aut
164 702 240 786 quid
263 702 402 766 maxime
424 703 528 784 utile].
567 703 618 768 De
641 703 757 787 quibus
781 704 885 769 dicere
907 705 1088 790 adgrediar,

84 791 114 854 si
135 812 237 875 pauca
258 790 348 874 prius
371 790 410 853 de
432 791 584 856 instituto
609 814 646 858 ac
669 791 707 855 de
733 791 851 857 iudicio
874 814 946 858 meo
970 792 1087 857 dixero.

85 877 286 962 Quamquam
318 877 403 942 enim
435 879 513 943 libri
545 879 652 944 nostri
683 880 864 963 complures
895 902 961 945 non
992 879 1123 945 modoa

86 966 126 1030 ad
157 965 298 1051 legendi,
330 966 387 1030 sed
414 966 513 1031 etiam
541 967 582 1032 ad
608 966 769 1032 scribendi
800 966 943 1031 studium
972 967 1087 1031 excita·

85 1058 212 1136 verunt,
240 1057 351 1117 tamen
376 1053 539 1118 interdum
561 1076 686 1137 vereor,
714 1077 756 1119 ne
779 1055 971 1138 quibusdem
993 1055 1087 1119 bonis

84 1141 162 1206 viris
185 1140 411 1226 philosophiae
437 1163 556 1206 nomen
583 1142 627 1205 sit
648 1141 789 1206 invisum
811 1142 1031 1224 mirenturque
1053 1141 1088 1203 in

86 1251 123 1293 ea
140 1232 269 1293 tantum
288 1251 339 1292 me
358 1251 474 1313 operae
493 1233 527 1293 et
544 1230 702 1313 temporis
719 1251 847 1314 ponere.
878 1229 951 1314 Ego
970 1232 1088 1311 autem,

86 1339 182 1400 quam
210 1317 265 1380 diu
290 1338 342 1381 res
369 1317 502 1400 publica
527 1338 586 1401 per
612 1337 668 1381 eos
696 1317 882 1402 gerebatur,
910 1315 1026 1401 quibus
1053 1336 1088 1379 se

85 1405 156 1489 ipsa
185 1404 405 1488 commiserat,
436 1405 541 1469 omnis
570 1426 659 1469 meas
690 1425 784 1469 ouras
811 1404 1088 1490 cogitationesque

85 1492 204 1556 ineam
223 1491 440 1575 conferebam3
464 1514 537 1557 oum
555 1495 663 1556 autem
682 1491 849 1556 dominatu
867 1492 961 1556 unius
980 1491 1089 1555 omnia

85 1582 271 1644 tenerentur
288 1600 392 1662 neque
411 1584 497 1644 esset
514 1601 653 1662 usquam
670 1579 805 1644 consilio
827 1583 883 1643 aut
902 1578 1090 1644 auctoritati

85 1667 189 1751 locus,
217 1667 320 1732 socios
348 1667 485 1750 denique
510 1667 649 1730 tuendae
676 1666 724 1730 rei
750 1667 913 1751 publicae,
944 1687 1088 1731 summos

84 1755 185 1843 viros,
217 1755 412 1839 amisissem,
442 1776 502 1819 nec
532 1776 584 1818 me
616 1753 792 1837 angoribus
822 1753 940 1838 dedidi,
972 1755 1089 1839 quibus

86 1864 189 1907 essem
213 1841 390 1924 confectus,
416 1841 482 1906 nisi
502 1841 543 1904 iis
571 1841 776 1925 restitissem,
801 1863 861 1907 nee
887 1864 1017 1907 rursum
1042 1843 1090 1907 in·

87 1929 193 2012 dignis
215 1928 345 1994 homine
369 1929 463 1995 docto
485 1928 717 2013 voluptatibus.
757 1929 867 2014 Atque
889 1931 1014 1995 utinam
1036 1947 1123 1995 resa

87 2017 216 2101 publica
238 2017 398 2101 stetisset,
422 2039 485 2102 quo
509 2020 671 2102 coeperat,
694 2020 784 2082 statu
805 2040 864 2082 neo
885 2019 921 2081 in
942 2018 1089 2083 homines

86 2127 152 2170 non
173 2109 242 2170 tam
265 2105 565 2170 commutandarum
589 2126 686 2188 quam
713 2106 959 2170 evertendarum
981 2126 1090 2170 rerum

87 2192 218 2276 cupidos
236 2193 413 2257 incidissctl
445 2192 592 2256 Primum
610 2193 704 2276 enim,
724 2196 762 2257 ut
780 2196 888 2257 stante
906 2215 941 2258 re
959 2193 1090 2278 publica

85 2280 191 2344 facere
214 2280 411 2365 solebamus,
437 2280 472 2343 in
500 2281 624 2364 agendo
647 2281 720 2365 plus
744 2303 841 2365 quam
863 2281 899 2344 in
921 2280 1089 2346 scribendo

88 2388 203 2451 operae
226 2389 430 2452 poneremus,
452 2367 566 2431 deinde
588 2368 669 2452 ipsis
692 2368 822 2453 scriptis
844 2389 911 2433 non
934 2391 985 2452 ea,
1008 2389 1089 2452 quae
1172 2425 1173 2429 ,

61 2529 63 2534 Ι
86 2476 179 2538 nunc,
203 2455 258 2518 sed
281 2455 422 2519 actiones
441 2459 572 2519 nostras
590 2455 825 2539 mandaremus,
847 2459 886 2520 ut
903 2478 998 2541 saepe
1016 2455 1090 2520 feci·

88 2563 168 2605 mus.
199 2540 281 2606 Cum
300 2545 407 2606 autem
425 2563 478 2606 res
496 2542 636 2626 publica,
655 2541 689 2605 in
709 2564 772 2625 qua
791 2543 895 2607 omnis
915 2565 987 2607 mea
1005 2566 1090 2627 cura,

87 2629 254 2714 cogitatio,
273 2650 371 2714 opera
387 2630 465 2715 poni
484 2629 620 2711 solebat,
638 2630 729 2693 nulla
747 2634 833 2694 esset
852 2630 992 2712 omnino,
1013 2631 1090 2694 illae

88 2716 211 2781 scilicet
242 2716 370 2781 litterae
402 2716 625 2782 conticuerunt
655 2715 799 2780 forenses
831 2720 864 2780 et
900 2717 1089 2781 senatoriae.

87 2802 179 2868 Nihil
207 2824 303 2888 agere
331 2809 439 2868 autem
466 2827 539 2869 cum
566 2804 692 2868 animus
723 2825 789 2868 non
820 2806 944 2888 posset,
978 2803 1126 2867 11111114

88 2890 203 2956 studiis
227 2892 268 2955 ab
291 2891 386 2956 initio
409 2894 556 2956 versatus
584 2891 701 2957 aetatis
729 2890 913 2956 existimavi
933 2890 1091 2955 honestis-

88 2978 168 3042 sime
191 2979 359 3044 molestias
382 3000 478 3064 posse
502 2979 630 3064 deponi,
657 2979 686 3043 si
711 3001 763 3043 me
787 2979 827 3043 ad
849 2977 1090 3064 philosophiam

87 3067 296 3131 rettulissem.
350 3065 410 3131 (lui
441 3088 515 3131 eum
549 3067 689 3131 multum
726 3067 912 3131 adulescens
949 3065 1091 3129 discendi

88 3175 186 3218 causa
207 3154 364 3239 temporis
386 3153 587 3238 tribuissem,
611 3158 824 3238 posteaquam
845 3153 1022 3218 honoribus
1045 3154 1091 3217 in·

88 3242 208 3306 servire
227 3242 318 3326 coepi
336 3263 450 3325 meque
468 3245 575 3306 totum
591 3241 639 3305 rei
655 3242 803 3327 publicae
816 3241 944 3325 tradidi,
962 3246 1090 3307 tantum

88 3333 158 3393 erat
179 3329 405 3413 philosophiae
423 3330 495 3413 loci,
518 3332 674 3413 quantum
693 3330 896 3415 superfuerat
915 3331 1090 3395 amicorum
1132 3356 1136 3363 ·

88 3421 120 3481 et
134 3417 181 3480 rei
194 3416 343 3502 publicae
360 3417 575 3501 temporibus3
592 3417 626 3481 id
643 3421 753 3482 autem
772 3439 865 3482 omne
884 3419 1091 3483 consumeba-

87 3507 142 3568 tur
168 3503 203 3568 in
229 3503 381 3590 legendo,
412 3504 573 3570 scribendi
599 3505 702 3571 otium
728 3528 795 3571 non
817 3511 909 3572 erat·
939 3506 1089 3572 Maximis
