2446 3944
465 180 707 247 -215-

83 339 369 426 congregabantur
393 337 554 421 homines,
581 342 691 402 tamen
714 357 771 423 spe
794 338 959 403 custodiae
981 360 1090 403 rerum

84 450 216 494 suarum
245 427 374 492 urbium
404 424 567 510 praesidia
594 425 801 509 quaerebant.
846 424 963 491 Danda
989 427 1089 491 etiam
1108 444 1143 494 14

85 537 184 601 opera
206 519 265 599 est,
287 535 337 598 ne,
360 512 446 598 quod
464 512 550 599 apud
568 513 707 578 maiores
725 516 856 578 nostros
875 535 971 599 saepe
988 514 1089 579 fiebat

85 605 220 687 propter
246 602 363 667 aerarii
390 601 583 666 tenuitatem
610 600 896 685 assiduitatemque
919 601 1089 686 bellorum,

84 691 245 755 tributum
272 690 316 754 sit
343 689 586 772 conferendum,
617 689 713 772 idque
742 710 782 752 ne
810 690 952 773 eveniat,
984 691 1089 754 multo

84 782 161 844 ante
193 777 255 841 erit
290 777 531 861 providendum.
583 774 642 840 Sin
672 796 754 861 quae
785 777 961 841 necessitas
993 777 1088 842 huius

86 865 228 930 muneris
242 865 339 930 alicui
353 864 565 948 reipublicae
580 863 748 928 obvenerit
768 860 870 947 (malo
887 865 973 928 enim
991 886 1090 949 quam

85 956 217 1018 nostrae
240 952 391 1035 ominari3
413 974 516 1036 neque
538 956 650 1016 tamen
668 951 706 1015 de
724 955 846 1035 nostra,
869 951 925 1016 sed
944 952 982 1016 de
1001 953 1090 1017 omni

85 1062 121 1104 re
143 1040 273 1125 publica
295 1038 449 1126 disputo),
472 1039 578 1104 danda
600 1039 662 1104 erit
683 1061 790 1123 opera,
811 1042 849 1103 ut
868 1060 978 1104 omnes
996 1040 1091 1104 intel·

85 1128 208 1213 legant,
231 1128 259 1192 si
282 1128 365 1193 salvi
388 1149 458 1192 esse
477 1128 588 1210 velint,
610 1127 797 1192 necessitati
815 1148 885 1191 esse
903 1128 1090 1211 parendum.

84 1215 194 1299 Atque
217 1215 316 1280 etiam
340 1237 465 1299 omnes,
492 1215 549 1299 qui
575 1235 644 1279 rem
665 1215 830 1300 publicam
853 1215 1090 1300 gubernabunt,

85 1303 253 1368 consulere
276 1303 451 1384 debebunt,
478 1306 515 1366 ut
538 1324 648 1367 earum
671 1323 779 1366 rerum
802 1303 895 1387 copia
923 1303 980 1386 sit,
1007 1325 1090 1387 quae

84 1394 162 1454 sunt
183 1390 393 1456 necessariae.
430 1388 573 1464 Quarum
595 1390 701 1473 qualis
724 1390 924 1474 comparatio
946 1390 1019 1454 fieri
1041 1413 1090 1457 so-

84 1478 152 1543 leat
175 1482 208 1543 et
231 1477 355 1561 debeat,
377 1500 444 1542 non
465 1481 515 1542 est
532 1499 662 1542 neeesse
681 1476 858 1561 disputare3
882 1481 932 1542 est
952 1478 1039 1542 enim
1055 1479 1090 1542 in

84 1569 252 1650 promptu3
269 1569 399 1630 tantum
416 1566 507 1630 loeus
527 1565 734 1651 attingendus
752 1564 824 1629 fuit.
856 1562 962 1649 Caput
981 1569 1090 1631 autem
1109 1584 1143 1634 ‘15

85 1657 136 1717 est
157 1653 193 1716 in
215 1653 303 1717 omni
330 1652 557 1737 procuratione
584 1652 709 1738 negotii
736 1656 769 1716 et
792 1653 933 1717 muneris
958 1653 1089 1738 publici,

84 1743 122 1805 ut
136 1741 292 1806 avaritiae
305 1741 448 1824 pellatur
462 1740 561 1805 etiam
574 1740 709 1805 minima
720 1740 868 1824 suspicio.
892 1739 1090 1826 ‘Utinam',

83 1828 191 1911 inquit
209 1825 243 1893 O.
259 1827 395 1893 Pontius
416 1825 552 1911 Samnis,
576 1827 638 1892 ‘ad
655 1827 728 1893 illa
745 1832 920 1912 tempora
937 1851 993 1893 me
1011 1828 1090 1894 for·

85 1919 179 1979 tuna
196 1916 482 1981 reservavisset
501 1919 538 1979 et
556 1919 636 1980 tum
654 1937 774 1980 essem
792 1919 920 1999 natus,
939 1918 1089 2001 quando

84 2003 248 2067 Romani
276 2003 450 2087 accipere
478 2003 575 2068 dona
602 2004 836 2087 coepissent!
865 2025 941 2069 non
967 2026 1090 2069 essem

84 2111 222 2176 passus
237 2090 384 2155 diutius
400 2112 463 2156 eos
476 2089 688 2175 imperare?
714 2088 765 2154 Ne
778 2090 829 2155 illi
842 2092 947 2156 multa
961 2093 1090 2157 saecula

85 2178 301 2262 exspectanda
322 2177 467 2261 fuerunt3
494 2178 590 2243 modo
613 2178 699 2243 enim
720 2178 783 2243 hoc
804 2178 927 2243 malum
949 2178 984 2242 in
1005 2180 1090 2246 hane

84 2287 154 2330 rem
180 2266 345 2349 publicam
371 2265 500 2330 invasit.
545 2266 660 2350 Itaque
686 2265 782 2330 facile
809 2266 918 2349 patior
941 2270 1012 2330 tum
1034 2289 1091 2351 po·

84 2353 151 2417 tius
173 2351 328 2417 Pontium
348 2351 464 2436 fuisse,
487 2353 645 2437 siquidem
666 2353 702 2417 in
723 2353 781 2417 1110
804 2357 934 2418 tantum
955 2353 1018 2418 fuit
1040 2376 1090 2420 ro·

84 2440 182 2505 boris.
227 2438 380 2505 Nondum
403 2443 532 2505 centum
555 2444 588 2504 et
610 2441 718 2505 decem
742 2440 818 2504 anni
841 2444 932 2524 sunt,
955 2463 1027 2506 cum
1051 2442 1090 2506 de

84 2528 227 2612 pecuniis
255 2527 441 2613 repetundis
469 2551 489 2592 a
515 2526 550 2592 L.
575 2526 693 2592 Pisone
723 2529 793 2592 lata
819 2528 872 2592 lex
904 2532 967 2612 est,
997 2529 1090 2594 nulla

84 2619 181 2680 antea
203 2638 277 2680 eum
298 2615 422 2680 fuisset.
467 2614 513 2679 At
536 2636 612 2680 vero
639 2617 754 2700 postea
775 2618 827 2679 tot
849 2614 939 2700 leges
962 2619 995 2680 et
1017 2640 1090 2700 pro-

83 2724 199 2767 xumae
223 2724 367 2786 quaeque
391 2702 545 2785 duriores,
567 2706 619 2766 tot
636 2701 692 2780 rei,
714 2705 766 2766 tot
785 2702 938 2786 damnati,
960 2707 1089 2767 tantum

84 2789 261 2870 [Italicum]
276 2790 398 2854 bellum
411 2794 545 2874 propter
558 2789 748 2854 iudiciorum
766 2793 889 2853 metum
907 2790 1090 2874 excitatum,

85 2880 180 2943 tanta
202 2878 341 2942 sublatis
364 2877 493 2962 legibus
516 2881 548 2941 et
570 2876 695 2942 iudiciis
714 2876 869 2961 expilatio
888 2876 1090 2961 direptioque

83 2965 255 3049 sociorum,
276 2968 314 3030 ut
336 2965 548 3029 inbecillitate
572 2965 722 3047 aliorum,
745 2986 811 3029 non
832 2967 946 3029 nostra
968 2964 1089 3030 virtute

82 3053 258 3117 valeamus.
302 3051 428 3117 Laudat
450 3052 641 3118 Africanum
663 3051 851 3136 Panaetius,
881 3052 967 3137 quod
989 3051 1088 3118 fuerit

1099 3024 1143 3151 1

84 3140 259 3207 abstinens.
305 3139 422 3215 Quidni
450 3141 581 3206 laudet?
628 3138 690 3205 Sed
715 3140 751 3205 in
776 3140 835 3205 illo
864 3140 929 3205 alia
951 3140 1089 3226 maiora3

84 3228 156 3293 laus
184 3228 400 3293 abstinentiae
427 3250 493 3293 non
519 3229 660 3293 hominis
688 3232 738 3293 est
760 3228 879 3311 solum,
906 3228 963 3293 sed
990 3228 1091 3296 etiam

84 3320 269 3401 temporum
291 3316 431 3381 illumm.
467 3315 564 3381 Omni
581 3316 792 3381 Macedonum
813 3338 903 3403 gaza,
926 3338 1008 3401 quae
1026 3216 1131 3712 suits

83 3405 234 3488 maxima,
256 3404 382 3489 potitus
407 3406 483 3484 [est]
507 3403 627 3469 Paulus
649 3407 779 3469 tantum
801 3404 837 3468 in
859 3405 1019 3470 aerarium
1037 3427 1091 3490 pe-

82 3493 195 3558 cuniae
218 3491 350 3577 invexit,
372 3495 409 3555 ut
426 3493 520 3556 unius
539 3492 734 3578 inperatoris
752 3491 873 3577 praeda
889 3492 988 3559 finem
1005 3498 1056 3559 att
