2446 3944
453 190 692 255 -279-

67 351 154 416 enim
176 350 258 416 vixit
275 347 416 438 Ennius)
434 349 482 415 ita
503 349 629 415 ferebat
652 350 723 435 duo,
747 372 828 434 quae
850 350 992 416 maxima
1013 375 1071 436 pu·
1187 409 1188 412 ,

68 443 189 522 tantur,
208 460 313 522 onera,
330 440 556 523 paupertatem
576 441 608 503 et
628 442 835 523 senectutem,
852 441 890 502 ut
909 439 955 503 eis
970 461 1071 523 paene

69 526 223 592 delectari
245 527 417 591 rideretur.

134 613 277 697 Etenim,
304 637 377 679 cum
404 614 589 698 conplector
616 613 738 697 animo,
765 617 919 697 quattuor
946 616 1072 700 reperio
1092 630 1125 680 15

69 724 192 786 causas,
205 724 262 767 eur
276 705 422 767 senectus
437 701 556 766 misera
569 701 725 786 videatur,
739 724 845 785 unam,
860 703 946 786 quod
960 708 1073 769 avocet

69 814 89 856 a
116 790 211 855 rebus
240 790 401 874 gerendis,
429 790 579 872 alteram,
607 789 693 873 quod
720 811 835 874 corpus
862 790 961 856 faciat
987 791 1074 856 infir·

69 879 163 962 mina,
184 879 325 960 tertiam,
348 877 434 961 quod
451 877 558 962 privet
580 876 647 941 fere
671 877 819 942 omnibus
839 879 1074 964 voluptatibus,

70 970 233 1050 quartam,
261 966 346 1049 quod
373 965 460 1029 haud
486 966 598 1050 procul
627 965 713 1030 absit
738 988 758 1030 a
784 969 898 1030 morte.
942 967 1074 1050 Earum,

71 1055 99 1118 si
130 1055 250 1138 placet,
282 1075 451 1118 causarum
484 1056 605 1136 quanta
637 1075 797 1137 quamque
827 1053 871 1118 sit
896 1053 984 1118 iusta
1010 1077 1075 1119 una

71 1141 457 1314 quaeAqbbbdddegblrlehsrlis
481 1231 628 1294 senectus
651 1228 823 1294 abstrahit.
863 1227 1009 1305 Quibus?
1033 1227 1114 1293 an6

69 1318 119 1401 iis,
143 1339 225 1401 quae
247 1317 415 1381 iuventute
439 1319 595 1401 geruntur
618 1319 651 1380 et
673 1317 821 1381 viribus?
844 1318 993 1381 nullaene
1016 1317 1075 1402 igi·

70 1410 189 1469 turres
204 1409 279 1469 sunt
294 1405 420 1488 seniles,
438 1426 520 1488 quae
535 1404 587 1469 vel
605 1404 741 1468 infirmis
758 1404 947 1488 corporibus
967 1404 1074 1470 animo

70 1497 180 1558 tamen
204 1492 492 1557 administrentur?
514 1492 596 1555 nihil
620 1513 697 1577 ergo
721 1492 840 1577 agebat
856 1491 892 1566 Q.
905 1490 1075 1577 Maximus,

70 1581 152 1644 nihil
171 1580 207 1645 L.
220 1580 350 1662 Paulus,
368 1583 463 1662 pater
481 1583 566 1663 tuus,
585 1601 675 1644 socer
693 1579 808 1663 optimi
825 1579 897 1663 viri,
915 1580 976 1644 filii
990 1581 1075 1647 mei?

71 1668 169 1733 ceteri
192 1690 293 1752 senes,
314 1667 464 1751 Fabricii,
488 1665 585 1750 Curii,
609 1665 810 1750 Coruncanii,
833 1689 905 1733 oum
928 1690 997 1732 rem
1019 1692 1076 1754 pu-

70 1757 190 1821 blicam
213 1756 348 1821 consilio
373 1759 406 1820 et
429 1755 622 1820 auctoritaie
645 1755 875 1840 defendebant,
897 1756 980 1820 nihil
1003 1778 1076 1843 age

70 1845 173 1909 bant?
209 1843 262 1908 Ad
285 1843 373 1929 Appi
395 1842 511 1908 Claudi
541 1845 737 1908 senectutem
767 1844 938 1909 accedebat
968 1845 1129 1928 etiam,1o

71 1936 109 1995 ut
133 1953 243 1996 caecus
268 1936 367 2013 esset3
393 1935 504 1995 tamen
526 1931 568 2013 is,
596 1953 669 1995 cum
692 1931 854 1996 sententia
877 1936 1007 1997 senatus
1030 1933 1076 1997 in·

72 2019 208 2084 clinaret
236 2020 276 2084 ad
304 2041 417 2105 pacem
444 2041 517 2084 oum
538 2018 664 2103 Pyrrho
686 2018 863 2102 foedusque
885 2019 1076 2103 faciendum,

71 2129 137 2172 non
159 2108 321 2172 dubitavit
344 2108 447 2172 dicere
465 2107 532 2191 illa,
556 2129 638 2191 quae
656 2107 802 2172 versibus
821 2112 1008 2193 persecutus
1027 2112 1078 2173 est

70 2195 208 2260 Ennius:

116 2283 194 2358 Quo
213 2282 325 2348 vobis
344 2286 503 2365 mentes,
522 2287 650 2348 rectae
669 2305 764 2367 quae
780 2287 884 2348 stare
898 2284 1077 2349 solebant

117 2370 310 2454 Antehac,
332 2371 526 2435 dementes
550 2391 632 2435 sese
654 2371 800 2435 flexere
823 2371 922 2436 viai?

72 2462 241 2543 ceteraque
266 2458 469 2544 gravissime3
496 2461 610 2522 notum
637 2458 722 2521 enim
744 2458 837 2523 vobis
861 2480 992 2524 carmen
1014 2462 1077 2541 est3

72 2551 106 2611 et
128 2551 238 2611 tamen
260 2547 362 2631 ipsius
385 2546 472 2630 Appi
501 2549 589 2609 extat
616 2546 730 2609 oratio.
776 2545 883 2629 Atque
912 2545 992 2611 haec
1019 2546 1076 2611 ille

72 2635 140 2720 egit
169 2635 308 2718 septimo
336 2634 458 2699 decimo
487 2654 571 2697 anno
597 2636 674 2718 post
701 2634 841 2697 alterum
864 2635 1077 2716 consulatum,

72 2745 145 2788 cum
176 2723 261 2787 inter
294 2722 373 2787 duos
401 2721 587 2786 consulatus
616 2720 692 2784 anni
718 2721 828 2784 decem
854 2719 1077 2784 interfuissent

71 2832 248 2893 censorque
272 2814 346 2875 ante
366 2809 564 2895 superiorem
582 2808 785 2874 consulatum
803 2807 932 2890 fuisset3
956 2829 994 2872 ex
1013 2829 1076 2891 quo

70 2899 274 2985 intellegitur
288 2898 406 2983 Pyrrhi
419 2898 505 2962 bello
521 2897 674 2983 grandem
690 2918 766 2961 sane
784 2895 897 2978 fuisse3
916 2899 949 2958 et
967 2899 1078 2959 tamen

72 2988 118 3052 sic
142 3010 162 3051 a
184 2987 332 3073 patribus
357 2987 546 3069 accepimus.
590 2983 683 3048 Nihil
705 2984 807 3070 igitur
830 2983 991 3066 adserunt,
1022 2982 1077 3065 qui
1097 2993 1129 3042 1⁷

71 3075 106 3139 in
127 3097 163 3139 re
187 3075 331 3160 gerunda
358 3073 481 3138 versari
505 3075 702 3137 senectutem
728 3074 863 3156 negant,
891 3070 1076 3153 similesque

72 3167 157 3245 sunt,
179 3166 216 3227 ut
235 3163 263 3226 si
282 3162 337 3246 qui
359 3157 609 3247 gubernatorem
627 3159 662 3223 in
679 3159 861 3243 navigando
880 3158 962 3222 nihil
981 3179 1076 3242 agere

72 3250 190 3332 dicant,
209 3273 282 3314 curn
301 3250 356 3315 alii
375 3250 479 3313 malos
500 3247 664 3331 scandant,
682 3246 740 3311 alii
757 3268 814 3330 per
832 3246 920 3311 foros
939 3249 1076 3328 cursant,

72 3338 128 3403 alii
139 3338 301 3402 sentinam
315 3337 516 3420 exhauriant,
529 3336 585 3399 ille
596 3339 705 3400 autem
717 3336 844 3400 clavum
859 3337 971 3399 tenens
989 3335 1077 3418 quic-

70 3429 124 3490 tus
140 3426 250 3490 sedeat
264 3426 298 3489 in
311 3424 422 3510 puppi,
446 3446 513 3488 non
526 3423 626 3489 faciat
641 3444 687 3508 ea,
702 3444 783 3507 quae
797 3423 936 3506 iuvenes,
951 3426 1076 3488 atvero

70 3515 176 3578 multo
200 3514 325 3578 maiora
348 3517 380 3577 et
403 3513 539 3577 meliora
560 3511 668 3578 faciat.
702 3510 778 3576 Non
800 3510 922 3576 viribus
947 3515 1003 3576 aut
1026 3532 1079 3577 ve·
1088 3556 1152 3704 Ι
