2422 3938
540 171 779 237 -478-

98 331 273 398 caeritum
302 352 367 394 non
396 329 549 413 potestis,
576 329 750 414 confugitis
774 331 816 394 ad
844 331 964 420 deum;
999 337 1098 402 cuius
1121 360 1185 422 ope

151 442 221 485 ram
244 418 390 505 profecto
414 440 479 483 non
499 417 733 503 desideraretis,
756 419 784 484 si
807 419 1010 489 inmensam
1037 429 1074 490 et
1095 426 1184 491 inter·

151 509 309 573 minatam
331 508 366 571 in
390 507 495 572 omnis
519 507 622 588 partis
647 507 910 590 magnitudinem
934 514 1126 597 regionum
1147 517 1185 579 vi·

151 597 284 679 daretis,
311 595 345 659 in
373 617 470 679 quam
494 615 528 658 se
557 595 689 660 iniciens
718 597 845 660 animus
870 603 908 664 et
931 600 1122 668 intendens
1144 604 1185 668 ita

150 685 216 749 late
248 685 411 768 longeque
442 683 683 767 peregrinatur,
714 689 752 748 ut
783 685 912 750 nullam
945 693 1073 756 tamen
1104 715 1184 758 oram

151 773 260 837 ultimi
287 773 407 854 videat,
432 771 467 836 in
495 793 559 856 qua
585 774 691 855 possit
716 772 876 838 insistere.
923 775 970 842 In
997 779 1068 844 hac
1092 781 1184 866 igitur

151 861 359 925 inmensitate
395 859 620 943 latitudinum,
661 861 921 948 longitudinum,
965 867 1183 934 altitudinum

150 949 279 1014 infinita
306 949 356 1014 vis
373 948 675 1014 'innumerabilium
702 950 821 1015 volitat
852 955 1075 1041 atomorum,
1109 980 1182 1042 quae

150 1038 321 1103 interiecto
345 1037 437 1101 inani
465 1039 698 1102 cohaerescunt
724 1042 833 1103 tamen
860 1039 955 1106 inter
981 1067 1020 1108 se
1047 1051 1085 1110 et
1109 1048 1182 1112 aliae

151 1128 233 1192 alias
258 1125 536 1209 adprehendentes
560 1125 803 1210 continuantem
832 1149 870 1192 ex
895 1152 967 1214 quo
994 1133 1181 1200 efficiuntur

152 1237 208 1280 eae
236 1237 342 1280 rerum
374 1213 499 1279 formae
529 1218 562 1278 et
588 1213 726 1299 figmae,
759 1238 838 1300 quas
866 1239 925 1282 vos
965 1221 1061 1287 effici
1093 1245 1179 1308 posse

152 1304 221 1368 sine
244 1302 378 1368 follibus
408 1306 441 1366 et
468 1302 638 1378 incudibus
668 1324 735 1368 non
761 1304 895 1387 putatis.
943 1307 1076 1394 Itaque
1100 1313 1178 1396 inpo

152 1392 262 1457 suistis
292 1391 327 1454 in
360 1389 538 1455 cervicibus
571 1392 693 1455 nostris
726 1393 966 1478 sempiternum
1003 1400 1176 1483 dominum,

151 1502 246 1564 quem
266 1480 335 1544 dies
350 1484 383 1544 ct
396 1482 507 1544 noctes
527 1480 724 1545 timeremus.
761 1479 840 1556 Quis
859 1483 953 1547 enim
974 1508 1050 1554 non
1071 1490 1176 1554 timeat

153 1575 262 1634 omnia
284 1568 508 1653 providentem
527 1573 560 1632 et
579 1570 775 1653 cogitantem
799 1574 831 1634 et
855 1571 1174 1643 animadvertentem

152 1662 186 1723 et
208 1660 317 1723 omnia
345 1658 386 1722 ad
410 1655 444 1721 se
471 1657 633 1740 pertinere
661 1663 830 1741 putantem
858 1659 1034 1728 curiosum
1061 1671 1097 1731 et
1118 1667 1173 1750 ple·

99 1759 132 1809 55
151 1769 231 1811 num
258 1746 383 1830 negotii
411 1746 528 1811 deum?
573 1745 660 1810 Hinc
687 1747 779 1810 vobis
809 1748 918 1811 extitit
948 1753 1105 1834 primum
1126 1755 1173 1819 illa

151 1836 262 1900 fatalis
285 1835 476 1915 necessitas,
507 1856 603 1917 quam
628 1832 830 1918 εἱμαρμένην
854 1835 983 1923 dicitis,
1007 1847 1066 1927 ut,
1098 1843 1171 1929 quic·

152 1922 228 2007 quid
251 1922 385 2004 accidat,
408 1923 441 1985 id
465 1945 502 1986 ex
527 1924 660 1986 aeterua
682 1924 817 1987 veritate
841 1945 1093 2014 causarumque
1111 1951 1170 1996 con
1210 1983 1211 1990 ,

150 2010 332 2075 tinuatione
355 2010 486 2074 fluxisse
510 2010 636 2075 dicatis.
682 2009 802 2086 Quanti
827 2018 936 2077 autem
962 2015 1054 2100 haec
1078 2020 1169 2104 philo

152 2098 268 2181 sophia
295 2097 496 2162 aestimanda
525 2101 587 2180 est,
615 2098 666 2163 cui
694 2103 862 2183 tamquam
887 2103 1050 2191 aniculis,
1080 2114 1114 2174 et
1136 2108 1167 2172 iis

151 2186 280 2271 quidem
298 2185 447 2269 indoctis,
469 2186 539 2251 fato
562 2187 632 2251 fieri
656 2188 827 2252 videantur
846 2191 983 2255 omnia?
1022 2193 1167 2282 Sequitur

150 2274 289 2359 μαντικὴ
312 2277 434 2356 vestra,
463 2297 543 2359 quae
571 2273 688 2339 Latine
717 2276 912 2343 divinatio
942 2280 1085 2369 dicitur,
1115 2306 1165 2369 qua
1207 2337 1211 2358 .

149 2367 244 2429 tanta
270 2363 478 2427 inbueremur
510 2364 754 2449 superstitione,
787 2365 814 2429 si
843 2388 900 2430 vos
929 2370 1053 2438 audire
1082 2375 1164 2439 velle·
1205 2375 1209 2386 '

149 2475 230 2537 mus,
253 2456 290 2516 ut
307 2451 504 2534 haruspices,
524 2473 671 2537 augures,
694 2453 822 2537 harioli,
845 2458 947 2539 vates,
968 2462 1162 2528 coniectores
1202 2458 1205 2463 ’

96 2553 130 2604 cc
148 2541 244 2605 nohis
269 2545 378 2605 essent
405 2540 540 2607 colendi.
585 2539 646 2604 His
670 2543 848 2607 terroribus
878 2544 919 2607 ab
948 2545 1162 2632 Epicureae
1200 2584 1203 2589 ·

149 2629 211 2694 luti
236 2632 268 2693 et
291 2630 326 2693 in
344 2630 530 2694 libertatem
549 2628 704 2693 vindicati
721 2652 781 2694 nec
799 2632 976 2698 metuimus
996 2656 1070 2723 eos,
1094 2659 1160 2724 quos
1189 2638 1210 2685 ‘'-

148 2718 368 2803 intellegimus
400 2739 460 2782 nec
497 2717 558 2781 sibi
590 2717 713 2803 fingere
749 2719 850 2782 ullam
887 2721 1087 2791 molestiam
1116 2745 1161 2791 nec

150 2806 244 2870 alteri
276 2827 442 2890 quaerere,
479 2809 512 2869 et
543 2806 595 2888 pie
632 2811 806 2890 sancteque
839 2808 980 2875 colimus
1020 2820 1161 2880 naturam

149 2894 360 2959 excellentem
397 2897 494 2977 atque
530 2898 758 2977 praestantem.
812 2894 874 2960 Sed
911 2898 1024 2966 elatus
1067 2903 1160 2970 studio

148 3004 262 3047 vereor
289 3004 329 3046 ne
359 2982 488 3067 longior
515 2981 640 3048 fuerim.
689 2983 772 3047 Erat
799 2987 907 3048 autem
936 2987 1080 3057 difficile
1106 3011 1160 3057 rem

148 3074 275 3135 tautam
315 3075 446 3154 tamque
491 3072 691 3154 praeclaram
735 3072 924 3138 inchoatam
971 3079 1160 3166 relinquere;

149 3181 345 3244 quamquam
373 3162 529 3224 nontam
558 3160 682 3224 dicendi
709 3160 793 3225 ratio
822 3161 902 3226 mihi
929 3163 1090 3234 habenda
1111 3167 1161 3233 luit

150 3268 247 3329 quam
270 3248 428 3312 audiendi.

548 3374 760 3383 ——-
