2446 3944
543 194 584 204 -
631 156 784 222 568-

107 298 198 425 213l7)
189 304 352 395 lQuin
378 317 477 382 etiarn
506 317 534 380 si
561 316 671 417 cupiat
692 316 801 401 proles
824 317 884 382 illa
906 317 956 382 fut
941 321 1092 384 turorum
1114 321 1168 385 ho·

125 377 284 472 23minum
307 405 455 489 deinceps
478 404 590 468 laudes
613 404 708 468 unius
731 404 884 488 cuiusque
906 409 1058 471 nostrum
1078 430 1099 471 a
1116 431 1168 495 pa-

160 495 265 558 tribus
294 497 405 577 accept
407 514 442 557 as
470 497 546 577 post
548 492 610 556 eris
633 492 782 576 prodere,
811 496 923 557 tamen
945 498 1083 578 propter
1106 497 1166 560 elu-

161 583 271 647 viones
294 580 543 663 exustionesque
565 582 735 663 terrarum,
759 601 838 664 quas
859 581 1002 646 accidere
1021 586 1165 667 tempore

160 673 247 735 certo
266 690 396 733 necesse
411 672 472 751 est,
489 689 555 732 non
568 667 663 732 modo
679 670 770 748 [non]
786 672 960 752 aeternam,
974 670 1089 734 sedne
1104 672 1165 735 diu-

159 761 289 820 turnam
305 756 434 840 quidem
448 756 587 841 gloriam
602 754 735 839 adsequi
748 777 929 840 possumus.
959 755 1043 831 Quid
1059 762 1163 823 autem

158 845 295 908 interest
318 843 404 908 ab
383 865 437 927 us,
465 843 520 944 qui
542 846 657 926 postea
679 848 864 927 nascentur,
892 866 1076 910 sermonem
1100 846 1165 911 fore

160 932 198 995 de
226 935 273 1015 te,
303 953 376 997 cum
399 929 484 995 ab
463 952 503 994 us
526 931 635 995 nullus
658 930 770 1015 fuerit,
798 932 853 1016 qui
876 936 952 997 ante
973 933 1047 997 nati
1072 935 1164 998 sunt?

107 989 149 1113 ἓξ
160 1018 216 1102 qui
238 1040 297 1084 nec
319 1017 485 1103 pauciores
510 1022 646 1083 atcerte
665 1019 815 1084 meliores
833 1019 1014 1084 fuenmt
982 1021 1057 1104 vrri,
1079 1044 1166 1106 prae

161 1107 274 1170 sertim
304 1128 376 1172 cum
404 1105 490 1190 apud
517 1127 572 1170 eos
598 1106 701 1190 ipsos,
732 1130 751 1170 a
778 1107 895 1190 quibus
920 1107 1028 1172 audiri
1050 1131 1180 1174 nomen-

158 1199 234 1258 nost
236 1216 308 1258 rum
330 1197 449 1278 potest,
471 1215 565 1257 nemo
588 1194 683 1257 unius
706 1194 782 1258 anni
804 1195 995 1259 memoriam
1015 1198 1167 1280 consequi

159 1282 272 1365 possit.
299 1280 456 1345 Homines
475 1281 561 1345 enirn
574 1281 776 1366 populariter
790 1304 910 1346 annum
924 1286 1058 1347 tantum
1073 1287 1166 1350 modo

161 1369 248 1451 solis,
271 1369 304 1432 id
327 1373 377 1433 est
399 1369 495 1432 unius
514 1369 604 1453 astri,
626 1369 733 1433 reditu
751 1370 941 1454 metiuntur3
965 1393 1039 1436 cum
1060 1377 1168 1437 autern

160 1457 201 1520 ad
236 1457 337 1540 idem,
372 1455 455 1520 unde
494 1457 594 1521 semel
625 1457 750 1541 profect
752 1480 772 1521 a
804 1463 892 1539 sunt,
929 1463 1046 1524 cuncta
1080 1465 1168 1525 astra

160 1543 313 1608 redierint
299 1544 538 1628 teandemque
561 1544 622 1609 tot'
613 1567 663 1609 rus
687 1545 768 1610 caeli
791 1545 1034 1630 discriptionem
1058 1548 1166 1634 longis

159 1632 341 1696 intervallis
373 1636 423 1696 ret
409 1632 573 1716 tullerint,
545 1636 675 1696 ttum
706 1633 762 1696 ille
793 1655 867 1697 vere
899 1638 1030 1698 vertens
1065 1659 1167 1700 annus

160 1720 320 1803 appellari
341 1720 494 1804 potest3'
485 1742 520 1784 m
542 1682 605 1803 qiro
628 1720 682 1785 vix
702 1720 804 1785 dicere
823 1720 924 1786 audeo
943 1744 1042 1805 quam
1062 1725 1167 1788 multa

159 1807 327 1871 hominum
348 1808 477 1872 saecula
494 1810 627 1872 teneant
627 1830 673 1872 ur.
709 1807 858 1892 Namque
877 1812 914 1873 ut
932 1809 1011 1874 olim
1031 1810 1167 1876 deficere

160 1894 210 1958 sol
229 1895 414 1960 hominibus
434 1895 660 1980 exstinguique
678 1895 766 1961 visus
787 1900 845 1979 est,
866 1919 938 1962 eum
952 1897 1087 1962 Romuli
1102 1900 1167 1963 ani-

160 2004 231 2046 mus
259 1983 338 2047 haec
365 1983 437 2067 ipsa
463 1983 498 2047 in
523 1984 648 2067 templa
675 1985 870 2068 penetravit,
904 1986 1096 2068 quandoque
1125 1989 1166 2051 ab

33 2073 104 2093 *⁵
161 2069 272 2134 eadem
299 2074 393 2154 parte
421 2071 471 2135 sol
497 2071 671 2155 eodemque
695 2076 840 2155 tempore
862 2072 982 2136 iterum
1004 2073 1168 2157 defecerit,

160 2163 230 2221 tum
254 2157 356 2242 signis
378 2158 527 2222 omnibus
547 2158 588 2221 ad
605 2158 800 2243 principium
819 2160 985 2243 stellisque
1002 2163 1167 2225 revocatis

160 2245 323 2328 expletum
351 2267 471 2309 annum
495 2244 630 2327 habet03
658 2247 747 2310 cuius
771 2247 898 2330 quidem
921 2246 995 2308 anni
1016 2247 1163 2310 nondum

159 2332 346 2396 vicesimam
369 2335 496 2415 partem
520 2331 602 2395 scito
626 2353 696 2395 esse
720 2354 917 2397 conversam

226 2419 382 2495 Quocirca
409 2420 437 2483 si
464 2418 640 2483 reditum
630 2442 665 2483 ιιι
692 2420 776 2484 hunc
803 2420 910 2485 locum
933 2420 1165 2522 desperaveris,

125 2467 194 2571 5in
227 2530 291 2590 quo
328 2507 438 2572 omnia
470 2511 545 2571 sunt
577 2508 705 2592 magnis
738 2512 770 2572 et
801 2508 1044 2592 praestantibus
1076 2509 1164 2591 viris,

160 2599 315 2679 quantrt
247 2595 433 2659 tartndem
460 2598 511 2658 est
537 2595 602 2659 ista
625 2595 791 2659 hominum
815 2595 933 2680 gloria,
961 2617 1044 2678 quae
1066 2597 1164 2680 perti-

159 2705 234 2747 nere
253 2682 307 2746 vix
326 2683 367 2747 ad
385 2683 479 2747 unius
499 2683 574 2746 anni
592 2686 667 2767 part
669 2705 720 2747 em
739 2684 887 2768 exiguam
904 2683 1035 2767 potest?
1057 2683 1164 2768 Igitur

160 2770 225 2833 alte
249 2774 395 2854 spectare
419 2770 447 2834 si
469 2771 559 2835 voles
583 2775 680 2855 atque
703 2770 786 2835 hanc
809 2771 917 2835 sedem
941 2775 974 2835 et
997 2774 1164 2834 aeternam

160 2858 290 2921 domum
314 2858 467 2942 contueri,
489 2879 593 2941 neque
615 2862 648 2922 te
672 2859 874 2923 sermonibus
892 2858 985 2943 vulgi
1003 2857 1162 2922 dedideris

159 2967 217 3010 nec
243 2945 278 3009 in
308 2946 461 3046 praemiis
488 2946 638 3009 humanis
667 2968 757 3031 spem
784 2946 930 3030 posueris
958 2967 1066 3009 rerum
1095 2949 1163 3009 tua-

159 3055 244 3117 rum3
272 3033 338 3097 suis
366 3037 399 3098 te
382 3055 502 3118 eopor
503 3037 552 3098 tet
503 3034 775 3098 intlecebris'
766 3055 838 3117 1psa
859 3033 910 3098 vir
911 3036 964 3097 tus
911 3033 1100 3097 ttrahal
1124 3033 1164 3097 ad

159 3142 272 3185 verum
295 3121 403 3205 desua,
420 3121 508 3272 quid
530 3121 569 3185 de
591 3125 624 3186 te
648 3121 705 3186 alii
727 3122 914 3204 loquantur,
936 3119 1001 3205 ipsi
1023 3120 1163 3203 videant,

160 3209 215 3270 sed
222 3209 372 3358 thqueni
373 3232 412 3272 ur
433 3213 551 3273 t.amen
588 3207 779 3273 Sermot
723 3213 779 3274 aut
781 3231 831 3273 em
855 3207 959 3273 omnis
981 3207 1038 3270 ille
1057 3212 1091 3271 et
1110 3231 1164 3272 an-

160 3299 236 3377 gust
237 3296 277 3359 iis
297 3297 437 3383 cingitur
455 3296 495 3360 iis
514 3297 690 3381 regionum,
714 3318 793 3380 quas
812 3296 910 3379 vides,
932 3316 991 3359 nec
1008 3316 1164 3378 umquam

160 3383 198 3445 de
221 3384 289 3447 ullo
312 3384 461 3469 perennis
484 3384 546 3449 fuit
533 3388 602 3449 tet
625 3385 773 3449 obruitur
785 3384 958 3449 hominurn
976 3381 1161 3447 interituet

160 3470 322 3534 oblivione
344 3472 529 3556 posteritat
520 3495 548 3536 rs
572 3472 779 3558 extinguitur.

107 2387 150 2514 253

67 3654 72 3663 ,

85 3692 185 3720 Α
