2446 3944
448 205 689 271 -207-

65 359 179 426 multis
208 359 464 443 promerendum.
513 357 683 425 Praeclare
709 359 744 424 in
766 360 907 445 epistula
930 360 1068 442 quadam

66 448 287 513 Alexandrum
309 446 413 512 filium
430 446 600 531 Philippus
620 451 762 532 accusat,
786 448 871 530 quod
893 447 1068 533 largitione

66 536 319 601 benivolentiam
332 534 543 600 Macedonum
557 538 771 600 consectetur:
790 534 906 610 ‘Quae
922 538 973 619 te,
991 559 1068 600 ma-

66 622 175 689 luml'
197 624 319 707 inquit,
342 623 460 687 ‘ratio
487 623 527 686 in
557 623 675 687 istam
702 645 807 707 spem
833 623 999 708 induxit,
1026 628 1068 689 ut

67 735 130 777 eos
166 711 242 776 tibi
276 711 414 775 fideles
446 714 605 796 putares
637 710 737 793 fore,
775 733 867 793 quos
904 713 1069 795 pecunia

61 799 336 884 corrupisses?
375 798 432 862 An
454 802 496 863 tu
513 799 552 862 id
574 799 674 883 agis,
692 802 733 862 ut
746 798 971 863 Macedones
993 821 1069 864 non

67 892 105 952 te
128 908 256 972 regem
279 908 398 970 suum,
422 886 486 950 sed
508 885 728 950 ministrum
751 890 788 950 et
806 887 1068 971 praebitorem

70 978 224 1059 sperent
250 974 371 1039 fore'?'
420 973 508 1037 Bene
535 973 736 1038 ‘ministrum
764 978 797 1038 et
822 974 1068 1059 praebitorem',

69 1063 146 1146 quia
169 1061 332 1126 sordidum
360 1062 444 1147 regi,
472 1060 587 1125 melius
611 1061 723 1145 etiam,
751 1062 837 1146 quod
859 1062 1068 1148 largitionem

68 1149 308 1234 ‘corruptelam’
333 1148 413 1213 dixit
432 1170 515 1232 esse3
536 1149 575 1212 fit
593 1149 679 1214 enim
697 1150 845 1233 deterior,
869 1151 924 1233 qui
943 1151 1069 1236 accipit,

68 1242 164 1322 atque
192 1238 233 1303 ad
258 1237 344 1301 idem
372 1259 497 1321 semper
524 1237 773 1320 exspectandum
800 1237 953 1321 paratior.
997 1237 1069 1304 Hoc
1087 1253 1122 1302 54

67 1326 123 1390 ille
149 1326 232 1408 filio,
260 1326 316 1389 sed
344 1327 552 1408 praeceptum
579 1328 729 1408 putemus
758 1326 916 1390 omnibus.
966 1324 1070 1401 Quam

68 1415 109 1479 ob
129 1435 198 1477 rem
211 1413 245 1477 id
264 1412 392 1497 quidem
409 1433 476 1477 non
489 1412 621 1476 dubium
636 1416 698 1496 est,
713 1413 791 1497 quin
802 1413 862 1478 illa
876 1414 1069 1499 benignitas,

69 1523 151 1586 quae
174 1503 302 1565 constet
329 1522 368 1564 ex
395 1522 493 1584 opera
520 1504 553 1563 et
579 1500 753 1582 industria,
781 1504 814 1564 et
836 1501 1003 1566 honestior
1026 1503 1070 1566 sit

70 1594 103 1654 et
120 1589 220 1653 latius
238 1592 351 1673 pateat
369 1592 401 1652 et
419 1587 524 1672 possit
541 1588 694 1672 prodesse
711 1589 873 1672 pluribus,
894 1611 961 1653 non
977 1611 1070 1654 num-

69 1700 167 1762 quam
180 1681 290 1741 tamen
304 1680 354 1740 est
369 1675 581 1760 largiendum,
594 1697 653 1740 nee
666 1675 728 1741 hoo
741 1676 953 1762 benignitatis
969 1698 1070 1762 genus

69 1765 199 1830 omnino
214 1764 445 1848 repudiandum
459 1767 509 1827 est
523 1767 555 1827 et
570 1785 665 1847 saepe
678 1763 801 1828 idoneis
819 1765 1004 1829 hominibus
1022 1765 1071 1828 in-

70 1853 253 1938 digentibus
284 1853 323 1916 de
350 1874 384 1915 re
406 1850 562 1915 familiari
583 1851 833 1936 inpertiendum,
856 1853 912 1916 sed
936 1853 1070 1938 diligen·

69 1945 120 2004 ter
139 1943 236 2024 atque
254 1940 433 2023 moderate3
457 1939 554 2003 multi
573 1939 658 2003 enim
675 1940 873 2024 patrimonia
891 1941 1071 2006 effuderunt

68 2029 251 2093 inconsulte
274 2027 450 2113 largiendo.
498 2026 581 2102 Quid
603 2031 711 2091 autem
735 2032 785 2092 est
808 2028 940 2093 stultius
964 2051 1070 2113 quam,

70 2116 155 2201 quod
178 2117 317 2180 libenter
338 2115 452 2198 facias,
475 2137 604 2199 curare,
627 2118 664 2179 ut
685 2116 720 2179 id
743 2117 863 2180 diutius
881 2116 986 2181 facere
1004 2138 1071 2181 non

69 2204 198 2288 possis?
243 2204 352 2286 Atque
375 2203 473 2268 etiam
501 2206 679 2286 sequuntur
701 2205 908 2289 largitionem
927 2204 1072 2289 rapinae3

70 2314 143 2356 eum
161 2291 246 2355 enim
265 2289 369 2355 dando
389 2312 482 2376 egere
501 2294 689 2375 coeperunt,
713 2292 826 2356 alienis
844 2292 939 2357 bonis
956 2314 1072 2357 manus

70 2380 183 2444 afferre
202 2382 370 2463 coguntur.
404 2379 469 2460 Ita,
488 2401 561 2443 eum
578 2379 816 2444 benivolentiae
838 2380 1072 2464 comparandae

71 2489 169 2532 eausa
191 2466 326 2531 benefici
348 2487 417 2530 esse
435 2465 552 2549 velint,
573 2488 640 2530 non
657 2471 751 2532 tanta
773 2468 881 2532 studia
898 2490 1072 2552 assequun-

70 2559 124 2618 tur
147 2577 271 2638 eorum,
296 2554 411 2637 quibus
430 2553 598 2636 dederunt,
622 2557 743 2637 quanta
762 2555 835 2620 odia
854 2577 981 2638 eorum,
1004 2555 1071 2639 qui-

70 2643 130 2706 bus
155 2642 350 2706 ademerunt.
396 2641 500 2717 Quam
523 2640 564 2704 ob
587 2662 655 2704 rem
677 2663 736 2706 nee
753 2642 801 2707 ita
824 2642 1001 2707 claudenda
1019 2664 1070 2706 res
1090 2657 1123 2706 55

71 2733 121 2793 est
142 2729 328 2813 familiaris,
353 2733 391 2794 ut
418 2750 489 2793 eam
514 2728 697 2814 benignitas
722 2729 846 2813 aperire
868 2752 934 2794 non
955 2729 1070 2813 possit,

69 2839 129 2882 nec
146 2818 194 2881 ita
212 2818 395 2901 reseranda,
418 2820 455 2881 ut
473 2819 586 2899 pateat
604 2816 766 2900 omnibus,
789 2817 902 2881 modus
922 2816 1072 2881 adhibea-

70 2908 134 2988 tur,
157 2905 249 2988 isque
271 2904 429 2969 referatur
452 2903 494 2968 ad
510 2902 692 2968 facultates.
730 2903 867 2970 Omnino
886 2904 1072 2968 meminisse

71 2993 237 3076 debemus,
254 2993 288 3057 id
299 2993 387 3076 quod
401 3013 420 3056 a
433 2991 555 3056 nostris
569 2991 753 3056 hominibus
773 2991 962 3076 saepissime
980 3013 1072 3055 usur·

70 3084 184 3164 patum
206 3081 272 3144 iam
290 3080 325 3143 in
346 3078 510 3164 proverbii
528 3080 791 3144 consuetudinem
813 3080 914 3162 venit,
933 3079 1072 3164 ‘largi-

70 3168 216 3232 tionem
238 3168 399 3232 fundum
425 3188 501 3232 non
527 3167 701 3251 habere'3
725 3167 843 3232 etenim
867 3167 939 3252 quis
961 3170 1072 3252 potest

71 3257 185 3320 modus
216 3278 298 3340 esse,
325 3278 397 3320 cum
425 3259 458 3320 et
484 3254 583 3339 idem,
613 3256 668 3340 qui
690 3260 899 3339 consuerunt,
931 3259 964 3319 et
986 3256 1071 3320 idem

70 3343 153 3408 illud
181 3344 238 3409 alii
265 3343 467 3408 desiderent?
513 3342 650 3408 Omnino
679 3344 741 3408 duo
769 3347 845 3408 sunt
867 3365 988 3428 genera
1010 3343 1101 3409 lar-l

71 3453 197 3516 gorum,
216 3453 352 3515 quorum
371 3431 467 3496 alteri
484 3431 622 3517 prodigi,
641 3431 737 3495 alteri
754 3431 915 3516 liberales,
933 3431 1072 3516 prodigi,

71 3520 127 3604 qui
150 3519 254 3604 epulis
285 3523 318 3584 et
340 3519 606 3586 viscerationibus
634 3523 667 3583 et
695 3519 913 3604 gladiatorum
935 3519 1073 3584 muneri-
