2446 3944
524 189 764 255 —524-

89 347 284 434 18lcetitia,
320 350 348 414 si
383 350 479 414 bona.
537 346 565 412 0
597 348 794 433 praeclaram
825 348 919 413 beate
950 348 1084 414 vivendi
1120 353 1155 415 et

141 443 286 523 apertam
309 441 343 502 et
365 437 544 520 simplicem
567 439 599 500 et
622 435 782 500 derectam
802 436 917 501 vitam!
954 433 1040 501 Oum
1065 437 1152 505 enim

140 530 226 591 certe
258 524 342 589 nihil
372 525 497 590 homini
528 524 633 608 possit
663 525 778 588 melius
812 546 881 588 esse
910 546 1008 608 quam
1035 547 1152 590 vacare

141 614 229 679 omni
252 613 362 677 dolore
386 617 419 676 et
441 613 592 677 molestia
613 611 797 695 perfruique
819 613 968 676 maximis
993 615 1027 676 et
1049 613 1153 678 animi

141 707 174 766 et
192 700 336 784 corporis
354 700 589 784 voluptatibus,
606 700 772 782 videtisne,
791 721 887 782 quam
904 699 987 764 nihil
1004 704 1153 783 praeter-

141 790 303 872 mittatur,
331 788 416 872 quod
442 788 544 852 vitam
571 787 713 871 adiuvet,
739 808 803 871 quo
830 787 958 852 facilius
985 788 1036 870 id,
1065 789 1153 874 quod

140 878 342 961 propositum
356 878 414 959 est,
435 897 594 940 summum
608 876 728 939 bonum
743 874 996 958 consequamur?
1022 874 1154 941 Clamat

140 965 309 1048 Epicurus,
327 965 356 1028 is
375 985 471 1047 quem
484 984 541 1027 vos
562 963 659 1026 nimis
677 963 897 1046 voluptatibus
917 984 987 1027 esse
1006 964 1152 1028 deditum

140 1052 261 1135 dicitis,
284 1073 350 1117 non
367 1073 464 1134 posse
482 1050 616 1114 iucunde
634 1050 712 1134 vivi,
735 1050 798 1114 nisi
817 1051 993 1133 sapienter,
1012 1051 1151 1116 honeste

141 1140 287 1222 iusteque
313 1140 454 1222 vivetur,
483 1159 542 1202 nec
570 1138 745 1222 sapienter,
776 1137 926 1221 honeste,
953 1139 1056 1223 iuste,
1086 1140 1151 1204 nisi

88 1247 122 1296 58
141 1228 285 1292 iucunde.
332 1226 446 1310 Neque
473 1225 558 1289 enim
586 1225 698 1289 civitas
721 1226 757 1289 in
780 1224 935 1290 seditione
958 1226 1058 1291 beata
1081 1249 1151 1292 esse

140 1319 249 1399 potest
270 1336 329 1379 nee
351 1315 386 1378 in
408 1312 568 1378 discordie
586 1313 787 1378 dominorum
808 1313 935 1398 domus;
960 1316 1150 1397 quominus

141 1403 266 1467 animus
280 1424 301 1466 a
315 1423 349 1466 se
367 1402 437 1485 ipse
456 1401 612 1465 dissidens
628 1422 798 1484 secumque
816 1402 1003 1466 discordans
1018 1407 1151 1487 gustare

140 1494 267 1575 partem
300 1490 402 1553 ullam
429 1488 570 1572 liquidae
601 1489 780 1572 voluptatis
814 1494 846 1554 et
877 1490 998 1554 liberae
1031 1494 1151 1575 potest

140 1577 242 1662 Atqui
273 1577 493 1661 pugnantibus
526 1579 559 1640 et
590 1577 760 1640 contrariis
793 1576 907 1642 studiis
939 1579 1150 1664 consiliisque

141 1688 267 1749 semper
280 1669 373 1729 utens
391 1665 475 1729 nihil
493 1664 595 1748 quieti
612 1663 729 1748 videre,
746 1663 829 1729 nihil
849 1665 1019 1748 tranquilli
1032 1670 1151 1750 potest.

87 1773 121 1823 59
141 1753 263 1831 Quodsi
297 1753 439 1837 corporis
473 1752 676 1836 gravioribus
703 1753 823 1817 morbis
851 1753 937 1817 vitae
966 1754 1151 1820 iucunditas

139 1841 327 1925 impeditur,
356 1843 474 1924 quanto
503 1839 607 1924 magis
634 1840 735 1903 animi
761 1840 883 1904 morbis
916 1841 1069 1924 impediri
1095 1864 1152 1907 ne-

141 1930 319 1993 cesse‘est!
364 1928 475 1992 Animi
498 1931 606 1991 autem
634 1928 739 1991 morbi
768 1930 844 1992 sunt
874 1927 1069 2011 cupiditates
1092 1931 1151 1995 im·

139 2037 269 2081 mensae
300 2020 333 2079 et
364 2017 476 2079 inanes
508 2015 708 2097 divitiarum,
740 2015 876 2099 gloriae,
908 2016 1151 2102 dominationis,

140 2104 386 2168 libidinosarum
414 2103 511 2166 etiam
543 2103 755 2186 voluptatum.
809 2103 976 2169 Accedunt
1008 2107 1151 2191 aegritu·

140 2191 245 2273 dines,
271 2191 454 2271 molestiae,
481 2211 655 2274 maerores,
683 2190 737 2273 qui
761 2190 899 2255 exedunt
925 2193 1053 2257 animos
1077 2216 1151 2259 con-

139 2279 311 2361 ficiuntque
348 2277 432 2341 curis
468 2276 637 2341 hominum
672 2299 740 2341 non
775 2278 1035 2362 intellegentium
1067 2282 1150 2346 nihil

140 2365 311 2431 dolendum
347 2387 417 2429 esse
453 2365 576 2448 animo,
614 2365 698 2448 quod
733 2366 775 2430 sit
807 2389 826 2430 a
859 2365 968 2432 dolore
1002 2371 1150 2453 corporis

138 2454 301 2538 praesenti
333 2452 484 2518 futurove
521 2453 708 2518 seiunctum.
765 2453 834 2518 Nec
870 2476 945 2518 vero
977 2456 1151 2540 quisquam

140 2543 258 2606 stultus
289 2563 356 2605 non
387 2541 503 2605 horum
535 2543 720 2605 morborum
748 2542 855 2625 aliquo
884 2542 1025 2629 laborat3
1055 2566 1150 2610 nemo

86 2650 120 2698 oo
139 2630 240 2714 igitur
266 2629 378 2694 stultus
404 2651 470 2693 non
496 2629 604 2694 miser.
652 2629 786 2693 Accedit
813 2629 911 2694 etiam
937 2652 1040 2715 mors,
1070 2653 1150 2716 quae

140 2718 233 2800 quasi
260 2738 372 2782 saxum
404 2716 542 2781 Tantalo
571 2738 697 2800 semper
727 2717 905 2801 impendet,
937 2721 1009 2782 tum
1041 2742 1150 2805 super·

140 2805 244 2886 stitio,
278 2826 341 2887 qua
369 2805 424 2888 qui
456 2808 506 2868 est
531 2805 689 2888 imbutus,
716 2805 843 2888 quietus
872 2826 941 2869 esse
972 2828 1150 2892 numquam

138 2895 254 2975 potest.
304 2891 476 2957 Praeterea
504 2893 589 2956 bona
619 2893 796 2975 praeterita
826 2914 892 2956 non
923 2895 1150 2978 meminerunt,

137 2974 363 3063 praesentibus
390 3000 457 3043 non
483 2980 651 3062 fruuntur,
682 2979 793 3044 futura
824 2980 919 3044 modo
952 2986 1151 3066 exspectant,

139 3088 220 3151 quae
257 3068 331 3151 quia
368 3070 455 3130 certa
487 3089 556 3131 esse
586 3088 654 3132 non
684 3072 837 3151 possunt,
871 3069 1089 3136 conficiuntur
1120 3073 1151 3136 et

139 3176 260 3238 angore
298 3157 330 3218 et
366 3157 454 3218 metu
490 3155 691 3239 maximeque
728 3156 925 3241 cruciantur,
966 3179 1040 3222 cum
1079 3180 1150 3225 sero

139 3243 285 3306 sentiunt
302 3243 424 3306 frustra
443 3264 477 3306 se
496 3246 553 3306 aut
571 3244 725 3327 pecuniae
744 3243 906 3308 studuisse
928 3248 986 3309 aut
1003 3245 1150 3331 imperiis

138 3332 195 3391 aut
227 3330 342 3412 opibus
375 3333 432 3394 aut
459 3330 589 3415 gloriae.
645 3330 761 3396 Nullas
791 3333 878 3396 enim
909 3338 1151 3418 consequuntur

137 3413 335 3500 voluptates,
367 3439 503 3500 quarum
534 3419 680 3502 potiendi
712 3441 769 3503 spe
804 3420 997 3485 inflammati
1029 3424 1150 3488 multos

67 3494 265 3711 'bores
301 3526 502 3591 magnosque
538 3510 752 3591 susceperant.
815 3507 899 3573 Ecce
943 3512 1052 3574 autem
1094 3510 1150 3577 alii

79 3679 125 3712 ,ἱ
