2422 3938
538 201 777 267 -476-

156 361 286 426 nionem
308 360 451 444 anquirit
474 361 600 425 animus
624 364 657 425 et
678 360 817 425 formam
842 363 875 424 et
893 361 992 425 vitae
1014 361 1174 427 actionem

107 501 147 565 ,8
157 448 338 531 mentisque
362 448 575 549 agitationem
597 449 632 512 in
655 449 722 548 deo,

104 580 138 632 ⁴⁶
156 535 278 708 pall
295 535 1176 690 lttrtttlbtltbtlffldltdtltt

157 711 301 776 omnium
325 712 470 797 gentium
489 712 628 796 speciem
645 711 767 776 nullam
787 711 886 776 aliam
906 713 977 776 nisi
995 713 1176 778 humanam

157 800 303 882 deorum,
332 822 414 883 quae
442 800 527 864 enim
549 800 655 864 forma
677 800 742 863 alia
765 799 904 865 occurrit
928 823 1101 885 umquam
1124 806 1176 866 aut

156 888 308 973 vigilanti
335 888 484 971 cuiquam
512 892 569 952 aut
596 887 789 952 dormienti?
834 885 898 951 Sed
921 909 964 953 ne
992 891 1114 955 omnia
1133 912 1174 954 re

156 980 310 1040 vocentur
342 976 383 1040 ad
413 976 535 1059 primas
566 975 730 1040 notiones:
763 974 848 1039 ratio
877 975 944 1041 hoc
977 977 1077 1042 idem
1109 979 1175 1062 ipsa

102 1081 137 1130 47
158 1064 308 1128 declarat.
353 1062 439 1128 Nam
467 1086 540 1129 cum
567 1063 892 1147 praestantissumam
916 1067 1101 1151 naturam,
1127 1065 1173 1130 vel

112 1184 117 1192 ·
156 1153 232 1236 quia
249 1153 346 1217 beata
364 1155 414 1215 est
432 1152 483 1215 vel
502 1151 578 1235 quia
596 1151 800 1235 sempiterna,
823 1151 1004 1217 convenire
1025 1154 1172 1219 videatur

156 1240 290 1304 eandem
314 1260 383 1304 esse
406 1239 671 1324 pulcherrimam,
695 1261 776 1323 quae
799 1239 986 1322 conpositio
1013 1243 1172 1307 membro

154 1350 236 1412 rum,
269 1349 350 1411 quae
382 1327 596 1392 conformatio
623 1326 899 1409 liniamentorum,
934 1349 1026 1411 quae
1061 1331 1171 1416 figura,

156 1439 237 1500 quae
274 1415 395 1501 species
431 1415 575 1480 humana
609 1419 719 1500 potest
751 1436 820 1478 esse
851 1414 1054 1498 pulchrior?
1108 1418 1170 1483 Vos

156 1505 297 1587 quidem,
325 1503 443 1587 Lucili,
472 1504 585 1568 soletis
613 1501 702 1587 (nam
725 1501 824 1568 Cotta
851 1523 943 1566 meus
973 1505 1082 1571 modo
1106 1507 1169 1588 boc,

156 1592 250 1657 modo
264 1590 369 1675 illud),
387 1614 459 1656 cum
479 1591 651 1656 artificium
669 1589 824 1676 effingitis
842 1589 1078 1677 fabricamque
1098 1594 1168 1658 divi·

154 1702 244 1765 nam,
272 1703 370 1764 quam
398 1680 463 1743 sint
491 1679 599 1744 omnia
625 1679 661 1742 in
683 1679 823 1743 hominis
846 1679 955 1763 figura
978 1701 1055 1746 non
1077 1682 1166 1747 modo

156 1768 197 1832 ad
225 1790 332 1851 usum,
362 1789 474 1832 verum
502 1768 601 1831 etiam
628 1767 669 1831 ad
694 1769 899 1831 venustatem
924 1770 1024 1853 apta,
1056 1769 1165 1834 descri-

102 1869 136 1918 48
155 1856 239 1920 bere.
298 1855 420 1930 Quodsi
456 1856 598 1919 omnium
635 1854 849 1919 animantium
884 1853 1035 1920 formam
1070 1857 1166 1922 vincit

155 1942 295 2007 hominis
325 1943 444 2028 figura,
477 1943 553 2007 deus
582 1946 689 2007 autem
717 1943 864 2007 animans
893 1946 958 2026 est,
994 1967 1037 2009 ea
1064 1946 1163 2031 figura

154 2029 301 2114 profecto
325 2034 384 2113 est,
408 2051 489 2113 quae
511 2030 730 2114 pulcherrima
752 2031 796 2094 sit
814 2030 972 2114 omnium3
999 2034 1161 2116 quoniam·

156 2140 216 2201 que
240 2117 316 2181 deos
339 2118 545 2182 beatissimos
569 2139 638 2182 esse
662 2121 798 2201 constat,
820 2118 936 2182 beatus
961 2124 1079 2186 autem
1100 2141 1163 2186 esse

156 2205 224 2269 sine
247 2204 370 2269 virtute
392 2227 486 2269 nemo
509 2210 620 2289 potest
642 2227 700 2270 nec
723 2206 826 2270 virtus
851 2205 919 2269 sine
943 2208 1079 2274 ratione
1098 2231 1162 2275 con·

156 2297 242 2357 stare
264 2315 323 2358 nec
345 2293 429 2358 ratio
452 2315 590 2377 usquam
611 2294 716 2358 inesse
739 2294 802 2357 nisi
824 2293 860 2357 in
880 2293 1029 2360 hominis
1052 2298 1161 2383 figura,

101 2394 135 2443 49
154 2381 295 2446 hominis
319 2403 389 2446 esse
414 2382 517 2467 specie
537 2381 613 2446 deos
632 2381 848 2446 confitendum
867 2384 926 2446 est.
963 2380 1038 2449 Neo
1056 2389 1160 2450 tamen

155 2491 193 2533 ea
221 2470 342 2553 species
370 2492 486 2554 corpus
514 2472 577 2554 est,
609 2470 665 2533 sed
693 2470 785 2554 quasi
812 2490 942 2552 corpus,
973 2491 1040 2536 nec
1067 2473 1161 2538 habet

104 2557 358 2643 19sanguinem,
389 2558 445 2623 sed
475 2558 568 2642 quasi
595 2557 792 2642 sanguinem.
841 2556 931 2621 Haec
962 2580 1160 2645 quamquam

155 2649 188 2710 et
210 2646 342 2711 inventa
365 2650 441 2711 sunt
463 2646 588 2711 acutius
612 2649 645 2710 et
668 2645 753 2711 dieta
777 2645 928 2709 subtilius
948 2646 991 2710 ab
1012 2648 1160 2733 Epicuro,

155 2756 253 2818 quam
275 2738 312 2799 ut
336 2734 440 2818 quivis
464 2756 501 2798 ea
524 2734 629 2817 possit
653 2755 835 2819 agnoscere,
858 2735 968 2798 tamen
992 2735 1102 2802 fretus
1120 2737 1160 2800 in-

153 2822 342 2907 tellegentia
369 2826 478 2887 vestra
506 2822 628 2885 dissero
655 2821 798 2904 brevius,
831 2842 929 2905 quam
957 2844 1062 2890 causa
1086 2824 1160 2890 desi·

153 2909 254 2974 derat.
299 2909 457 2993 Epicurus
486 2913 607 2991 autem,
634 2909 690 2993 qui
717 2931 767 2972 res
796 2910 939 2974 occultas
968 2914 1003 2975 et
1032 2914 1158 2997 penitus

153 2997 281 3062 abditas
299 3019 367 3061 non
384 2997 479 3062 modo
498 2997 615 3062 viderit
634 2998 751 3081 animo,
773 2997 827 3061 sed
847 2997 945 3061 etiam
964 2999 1015 3064 sic
1033 3004 1159 3081 tractu,

152 3089 190 3149 ut
212 3106 320 3168 manu,
344 3085 436 3149 docet
459 3106 530 3149 eam
554 3106 623 3150 esse
646 3085 713 3149 vim
736 3089 768 3149 et
786 3089 937 3150 naturam
957 3086 1107 3173 deorum,
1128 3092 1161 3152 ut

151 3173 292 3256 primurn
314 3194 382 3236 non
404 3194 506 3255 sensu,
530 3173 587 3237 sed
608 3177 716 3237 mente
739 3179 888 3238 cernatur
910 3195 970 3239 nec
994 3177 1161 3242 soliditate

151 3259 291 3342 quadam
322 3281 382 3324 nec
409 3261 450 3324 ad
476 3283 658 3343 numerum,
690 3264 727 3325 ut
755 3283 805 3343 ea,
836 3284 917 3346 quae
944 3262 1004 3327 ille
1028 3269 1161 3352 propter

150 3346 341 3412 firmitatem
365 3346 538 3431 στερέμνια
562 3349 719 3434 appellat,
748 3349 803 3413 sed
825 3350 1027 3434 imaginibus
1052 3353 1161 3420 simili·

150 3433 261 3497 tudine
294 3438 327 3498 et
358 3436 551 3501 transitione
579 3437 740 3521 perceptis
769 3459 841 3502 cum
868 3438 998 3503 infinita
1029 3442 1161 3507 simillu-

149 3543 277 3585 marum
299 3521 481 3608 imaginum
502 3524 599 3588 series
619 3547 657 3589 ex
676 3525 966 3590 innumerabilibus
984 3527 1161 3597 individuis
