2446 3944
406 203 645 267 -150-

23 374 101 438 tudo
120 395 215 437 usum
234 394 360 456 quoque
379 372 704 456 exercitationemque
719 370 888 436 desiderat.
915 374 1028 456 Atque

24 462 65 525 ab
92 461 133 524 iis
160 461 269 544 rebus,
298 482 379 544 quae
407 463 483 524 sunt
510 461 545 524 in
570 460 639 524 iure
668 460 831 525 societatis
855 459 1027 545 humanae,

25 570 119 632 quem
147 549 188 612 ad
215 549 345 613 modum
373 548 508 612 ducatur
534 547 720 631 honestum,
753 569 791 611 ex
820 568 882 630 quo
912 551 1027 632 aptum

24 639 74 700 est
97 636 251 720 officium,
275 637 356 700 satis
378 635 445 699 fere
469 635 615 699 diximus.

89 739 348 825 Intellegendum
371 744 479 804 autem
508 743 573 822 est,
596 761 668 803 cum
690 740 860 824 proposita
883 741 949 804 sint
973 762 1028 827 ge·

23 850 102 892 nera
121 830 283 912 quattuor,
302 851 319 892 1
338 829 454 912 quibus
473 828 626 892 honestas
646 826 850 910 officiumque
868 834 1027 914 manaret,

25 915 321 1001 splendidissimum
348 916 463 998 videri,
492 916 577 998 quod
600 915 707 978 animo
731 938 850 1001 magno
875 917 1027 1001 elatoque

24 1003 245 1086 humanasque
276 1025 327 1067 res
361 1003 556 1087 despiciente
588 1002 710 1067 factum
743 1004 794 1067 sit.
843 1003 959 1088 Itaque
992 1006 1028 1070 11

23 1090 152 1177 probris
183 1092 321 1156 maxime
350 1090 385 1154 in
414 1093 570 1176 promptu
602 1094 664 1174 est,
697 1090 725 1154 si
757 1091 834 1174 quid
865 1093 931 1156 tale
964 1092 1028 1158 dici

23 1182 143 1263 potest:

68 1282 152 1348 ‘Vos
180 1284 293 1368 enim,
323 1281 495 1368 iuvenes,
523 1282 686 1347 animum
719 1283 859 1368 geritis
893 1285 1029 1350 mdlie·

417 1372 536 1455 brem,
558 1369 646 1434 illa'
670 1371 762 1456 virgo
787 1370 893 1435 ‘viri'

24 1481 57 1543 et
81 1477 109 1541 si
132 1478 206 1561 quid
230 1477 422 1542 eiusmodi:

69 1571 299 1657 Salmacida,
327 1573 453 1657 spolia
477 1571 558 1638 sine
583 1573 720 1638 sudore
744 1577 781 1638 et
804 1574 1000 1657 stinguine.

25 1668 208 1753 Contraque
230 1671 266 1734 in
287 1669 450 1753 laudibus,
474 1690 555 1753 quae
574 1689 693 1754 magno
713 1670 819 1735 animo
844 1673 876 1733 et
895 1670 1028 1736 fortiter

25 1758 281 1842 excellenterque
305 1760 398 1841 gesta
421 1761 510 1840 sunt,
534 1757 701 1822 11111111
726 1779 789 1841 quo
813 1757 907 1822 modo
933 1761 1028 1842 quasi

24 1845 168 1929 pleniore
201 1867 255 1910 ore
286 1844 464 1909 laudamus.
517 1843 602 1909 Hinc
633 1845 800 1909 rhetorum
827 1868 959 1930 campus
987 1849 1027 1912 de

24 1932 230 2015 Marathone,
249 1930 425 2015 Salamine,
442 1931 584 1996 Ρ1111111
590 1983 598 2016 ,
612 1932 852 2018 Thermopylis,
870 1933 1027 2019 Leuctris,

24 2021 95 2086 hinc
116 2024 228 2085 noster
250 2018 376 2102 Cocles,
398 2019 474 2085 hinc
496 2019 600 2104 Decii,
622 2020 698 2091 hinc
721 2020 778 2086 On.
797 2025 829 2085 et
851 2020 886 2085 P.
906 2020 1027 2107 Scipio-

23 2129 94 2193 nes,
117 2108 192 2172 hinc
205 2106 248 2172 M.
261 2106 446 2191 Marcellus,
464 2107 713 2209 innumerabiles
733 2109 802 2209 alii,
825 2109 1027 2194 maximeque

23 2195 1027 2369 tlt,llttuhllttttlthathlltffitllll:

25 2376 99 2437 tuas
123 2393 249 2456 quoque
273 2371 417 2436 videmus
441 2376 558 2436 ornatu
579 2371 646 2436 fere
669 2372 814 2438 militari.

0 2462 8 2513 1
89 2474 153 2541 Sed
175 2498 213 2540 11
237 2476 336 2540 animi
359 2476 470 2560 elatio,
493 2498 574 2560 quae
597 2476 738 2542 cernitur
760 2477 795 2542 in
817 2477 968 2561 periculis
992 2481 1027 2542 et

25 2564 207 2648 laboribus,
230 2564 258 2627 si
281 2564 407 2628 11111111
429 2568 524 2628 11111
542 2569 729 2651 pugnatque
752 2588 819 2631 non
835 2587 895 2650 pro
919 2566 1025 2630 salute

23 2653 198 2735 communi,
227 2652 282 2716 sed
309 2674 368 2736 pro
397 2652 462 2716 suis
487 2654 676 2736 commodis,
703 2654 737 2717 in
759 2654 838 2717 vitio
863 2657 927 2737 est3
959 2675 1028 2718 non

23 2740 119 2806 modo
143 2741 228 2805 enim
251 2741 284 2804 id
306 2740 437 2805 virtutis
460 2745 611 2824 nonest,
638 2741 695 2805 sed
721 2744 772 2804 est
793 2741 902 2824 potius
924 2742 1027 2805 inma-

22 2829 136 2894 nitatis
160 2850 288 2893 omnem
306 2828 542 2894 humanitatem
560 2828 756 2913 repellentis.
791 2827 905 2912 Itaque
923 2830 1027 2914 probe

25 2917 175 2982 definitur
203 2940 222 2981 a
245 2915 361 2982 Stoicis
388 2917 559 3000 fortitudo,
588 2938 660 2980 cum
683 2938 754 2980 eam
777 2915 932 2981 virtutem
955 2939 1027 2982 esse

24 3004 134 3069 dicunt
147 3008 407 3090 propugnantem
422 3025 481 3088 pro
497 3004 668 3087 aequitate.
687 3002 843 3078 Quocirca
855 3026 960 3087 nemo,
971 3006 1028 3088 qui

23 3091 225 3156 fortitudinis
246 3093 384 3178 gloriam
403 3095 592 3156 consecutus
616 3096 666 3155 est
684 3091 810 3155 insidiis
834 3095 867 3156 et
890 3093 1027 3176 malitia,

24 3178 152 3243 laudem
176 3184 226 3243 est
249 3181 397 3264 adeptus3
419 3179 502 3243 nihil
522 3180 607 3244 enim
626 3179 799 3244 honestum
818 3202 888 3244 esse
906 3183 1027 3265 potest,

0 3310 1 3313 κ
27 3266 111 3348 quod
133 3267 259 3331 iustitia
281 3271 384 3333 vacat.
419 3266 626 3332 Praeclarum
648 3269 750 3354 igitur
767 3267 850 3332 illud
863 3267 1027 3333 Platonis:

25 3352 150 3437 ‘Non',
173 3354 292 3437 inquit,
316 3354 455 3420 ‘solum
479 3356 655 3439 scientia,
679 3378 774 3440 quae
797 3360 857 3420 est
878 3361 1029 3422 remota

29 3442 71 3506 ab
99 3441 268 3524 iustitia,
295 3443 494 3509 calliditas
527 3444 657 3528 potius
691 3466 800 3528 quam
829 3444 1029 3530 sapientia

37 3534 84 3594 111
112 3530 359 3615 appellanda,
386 3554 515 3597 verum
543 3531 659 3597 etiam
687 3533 834 3597 animus
866 3536 1029 3618 paratus
