2446 3944
452 170 604 234 -257
651 205 693 216 —-

67 333 202 414 Dianae,
225 333 311 418 quod
332 333 368 398 in
386 355 444 398 suo
463 354 565 419 regno
584 332 968 417 pulcherrimumnatum
986 337 1073 399 esset

67 422 127 487 illo
147 443 245 505 anno,
276 421 459 486 immolavit
485 420 705 506 Iphigeniam,
736 444 801 505 qua
826 421 909 486 nihil
936 425 1007 487 erat
1034 443 1072 487 eo

69 509 198 593 quidem
212 529 297 575 anno
315 512 430 573 natum
443 509 632 593 pulchrius?
663 508 865 574 Promissum
882 509 991 594 potius
1006 531 1073 575 non

68 596 250 662 faciendum
282 620 379 682 quam
410 600 479 661 tam
506 600 648 661 taetrum
678 596 804 661 facinus
836 596 1072 662 admittendum

66 684 140 749 fuit.
184 684 274 770 Ergo
298 688 331 748 et
353 684 515 769 promissa
536 684 770 749 nonfacienda
791 707 857 749 non
885 707 1072 769 numquam,

67 795 171 856 neque
205 794 331 857 semper
362 772 510 857 deposita
541 771 710 837 reddenda.
755 770 790 836 Si
821 772 967 858 gladium
999 773 1071 857 quis

68 861 155 946 apud
182 864 217 925 te
249 882 329 925 sana
360 863 468 924 mente
503 859 700 944 deposuerit,
740 863 867 944 repetat
898 861 1071 945 insaniens,

67 948 199 1013 reddere
222 952 390 1032 peecatum
413 947 465 1030 sit,
488 947 630 1012 officium
652 969 718 1012 non
737 949 878 1012 reddere.
915 947 1019 1024 Quid?
1044 949 1072 1014 si

67 1037 105 1120 is,
129 1037 184 1119 qui
208 1036 293 1120 apud
320 1039 353 1100 te
380 1035 551 1120 pecuniam
577 1035 775 1121 deposuerit,
802 1035 925 1100 bellum
952 1035 1073 1100 inferat

67 1125 202 1209 patriae,
225 1123 381 1188 reddasne
405 1123 609 1207 depositum?
641 1121 717 1188 Non
737 1124 844 1207 cred03
866 1123 968 1187 facias
987 1124 1072 1188 enim

68 1215 183 1276 contra
205 1233 273 1275 rem
295 1211 470 1296 publicam,
494 1232 576 1294 quae
599 1210 695 1275 debet
717 1233 788 1275 esse
811 1211 988 1284 carissima.
1020 1209 1073 1276 Sic

68 1301 181 1383 multa,
204 1321 286 1383 quae
309 1299 448 1364 honesta
468 1301 588 1363 natura
605 1298 755 1363 videntur
773 1320 852 1382 esse,
870 1299 1072 1384 temporibus

66 1388 150 1451 fiunt
175 1408 242 1451 non
268 1387 419 1471 honesta,
445 1386 550 1451 faeere
577 1386 751 1470 promissa,
781 1390 869 1451 stare
897 1387 1073 1471 conventis,

67 1475 199 1540 reddere
214 1475 362 1560 deposita
376 1477 576 1539 commutata
589 1474 733 1538 utilitate
746 1474 829 1538 fiunt
846 1495 913 1538 non
925 1474 1072 1538 honesta.

67 1562 116 1628 Ac
139 1562 177 1627 de
199 1562 241 1626 iis
263 1563 400 1645 quidem,
424 1583 505 1645 quae
523 1562 673 1626 videntur
692 1583 762 1626 esse
780 1562 940 1626 utilitates
959 1565 1074 1627 contra

67 1651 228 1715 iustitiam
242 1650 448 1714 simulatione
462 1649 661 1734 prudentiae,
680 1649 761 1713 satis
781 1649 923 1714 arbitror
942 1649 1072 1715 dictum.

32 1799 33 1802 ,
134 1736 196 1803 Sed
217 1738 370 1822 quoniam
388 1760 409 1801 a
427 1740 581 1820 quattuor
599 1736 745 1802 fontibus
764 1737 948 1802 honestatis
966 1737 1071 1822 primo
1091 1756 1126 1806 96

67 1827 153 1891 libro
176 1826 283 1890 officia
306 1825 467 1903 duximus,
498 1825 533 1888 in
560 1825 681 1889 eisdem
706 1847 884 1909 versemur,
917 1847 989 1890 cum
1019 1827 1073 1891 do-

68 1913 210 1979 cebimus
243 1936 296 1997 ea,
333 1935 415 1997 quae
446 1913 617 1978 videantur
644 1934 713 1977 esse
740 1913 836 1978 utilia
866 1935 970 1998 neque
998 1915 1073 1998 sint,

70 2023 167 2084 quam
190 2000 256 2065 sint
277 2001 409 2066 virtutis
432 2000 571 2065 inimica.
607 1999 656 2066 Ac
680 2002 718 2066 de
740 2001 912 2084 prudentia
935 2001 1073 2086 quidem,

69 2111 166 2172 quam
188 2089 260 2154 vult
281 2089 406 2153 imitari
428 2088 569 2172 malitia,
590 2088 732 2172 itemque
756 2089 795 2153 de
821 2089 960 2172 iustitia,
991 2111 1073 2173 quae

69 2199 195 2260 semper
231 2179 282 2241 est
317 2176 422 2259 utilis,
463 2176 665 2262 disputatum
700 2180 759 2241 est.
803 2175 960 2260 Reliquae
998 2181 1073 2242 sunt

69 2266 149 2329 duae
176 2267 286 2348 partes
314 2264 510 2347 honestatis,
540 2286 676 2348 quarum
708 2266 812 2329 altera
833 2265 868 2328 in
891 2265 991 2329 animi
1023 2287 1074 2329 ex·

68 2351 215 2418 callentis
235 2351 456 2436 magnitudine
475 2355 508 2417 et
526 2352 728 2436 praestantia
744 2352 894 2436 cernitur,
917 2353 1022 2417 altera
1039 2352 1074 2416 in

68 2439 324 2504 conformatione
351 2442 384 2503 et
407 2438 628 2504 moderatione
655 2439 871 2504 continentiae
899 2443 932 2503 et
954 2444 1074 2524 tempe-

68 2527 202 2592 rantiae.

134 2614 223 2679 Utile
241 2613 412 2679 videbatur
425 2612 524 2696 Ulixi,
542 2617 579 2677 ut
593 2613 722 2696 quidem
738 2617 853 2697 po'e'tae
868 2614 986 2699 tragici
999 2637 1072 2699 pro·
1083 2578 1126 2703 299

69 2703 217 2767 diderunt
245 2700 335 2785 (nam
363 2702 448 2785 apud
474 2700 667 2782 Homerum,
698 2703 868 2785 optumum
899 2704 1072 2786 auctorem,

67 2790 146 2854 talis
169 2790 207 2853 de
221 2788 316 2854 Ulixe
333 2790 426 2853 nulla
449 2787 588 2872 suspicio
611 2786 689 2871 est),
717 2787 772 2851 sed
790 2787 981 2852 insimulant
999 2809 1073 2852 eum

68 2877 255 2962 tragoediae
279 2877 485 2941 simulatione
507 2876 652 2940 insaniae
673 2874 824 2939 militiam
848 2874 1072 2959 subterfugere

68 2965 217 3030 voluisse.
249 2963 325 3029 Non
342 2965 516 3029 honestum
537 2963 715 3047 consilium,
739 2967 774 3027 at
789 2963 879 3047 utile,
901 2966 938 3027 ut
953 2963 1071 3047 aliquis

67 3052 208 3117 fortasse
232 3052 358 3136 dixerit,
380 3073 517 3136 regnare
540 3055 573 3114 et
595 3050 727 3115 Ithacae
749 3051 857 3116 vivere
880 3051 984 3115 otioso
999 3073 1071 3116 cum

68 3141 267 3224 parentibus,
290 3163 362 3205 cum
385 3161 492 3221 uxore,
516 3162 588 3204 cum
610 3139 687 3203 filio.
727 3137 841 3203 Ullum
864 3141 901 3202 tu
920 3139 1014 3203 decus
1037 3139 1072 3204 in

69 3228 239 3292 cotidianis
262 3228 429 3292 laboribus
453 3231 485 3291 et
504 3227 656 3311 periculis
671 3249 743 3292 cum
757 3227 818 3291 hac
831 3227 1071 3311 tranquillitate

69 3315 297 3380 conferendum
323 3315 444 3400 putas?
475 3315 548 3402 Ego
575 3336 652 3380 vero
679 3315 777 3379 istam
805 3317 1071 3381 contemnendam

68 3407 102 3468 et
125 3403 334 3485 abiciendam,
358 3402 518 3487 quoniam,
542 3425 622 3487 quae
640 3403 778 3468 honesta
796 3425 863 3467 non
881 3402 933 3487 sit,
955 3425 996 3468 ne
1010 3404 1071 3468 uti-

67 3491 134 3555 lem
157 3491 287 3575 quidem
309 3512 379 3555 esse
398 3491 546 3556 arbitror.
579 3488 662 3565 Quid
676 3491 761 3555 enim
776 3491 959 3556 auditurum
973 3324 1152 3720 putas(

122 3600 304 3656 wetbertus,
319 3603 363 3648 bic.
378 3603 491 3658 pillulam).
507 3603 622 3660 &brittas
881 3601 914 3652 17
