2446 3944
533 190 774 258 -316-

150 379 227 422 nere
250 378 379 441 sperare
406 356 517 421 videor
539 353 698 441 Scipionis
728 359 761 420 et
783 355 874 421 Laeli
897 355 1080 422 amicitiam
1107 379 1167 424 no·

151 450 220 510 tam
242 444 429 528 posteritati
450 444 529 509 fore.

101 548 132 596 16
216 532 365 599 Fascius.
400 531 489 596 Istuc
512 531 650 615 quidem,
672 530 772 615 Laeli,
790 531 838 595 ita
855 552 986 596 necesse
1005 535 1067 597 est
1098 530 1164 600 Sed

152 621 304 704 quoniam
327 619 488 684 amicitiae
511 619 707 683 mentionem
729 618 837 684 fecisti
859 622 892 683 et
915 640 1026 684 sumus
1051 620 1162 698 otiosi,

151 713 340 793 pergratum
363 707 444 771 mihi
461 707 584 790 feceris,
602 728 696 791 spero
714 706 794 770 item
807 704 988 790 Scaevolae,
1007 707 1047 791 si,
1063 729 1163 791 quem

152 795 346 861 admodum
369 796 454 860 soles
484 795 522 859 de
550 795 664 859 ceteris
689 794 799 872 rebus,
822 816 920 878 quom
943 817 982 859 ex
1004 798 1039 858 te
1064 817 1163 879 quae-

152 887 275 968 runtur,
298 884 344 948 sic
367 884 406 947 dc
425 882 567 947 amicitia
585 882 760 965 disputaris
780 882 858 966 quid
876 883 1007 966 sentias,
1026 884 1162 967 qualem

152 971 336 1056 existumas,
358 992 440 1054 quae
462 973 634 1054 praecepta
657 968 720 1033 des.

218 1058 382 1126 Scrrrorr.
421 1058 503 1124 Mihi
525 1078 600 1122 vero
620 1056 682 1121 erit
705 1060 848 1142 gratum3
872 1060 968 1140 atque
991 1056 1025 1121 id
1048 1057 1162 1143 ipsum

153 1169 224 1212 cum
248 1151 355 1211 tecum
378 1167 474 1232 agere
497 1166 643 1228 conarer,
665 1143 807 1209 Fannius
831 1145 1017 1210 antevortit.
1051 1145 1160 1221 Quam

118 1237 195 1342 5οὶ)
218 1256 287 1299 rem
309 1234 437 1317 utrique
459 1236 608 1297 nostrum
632 1236 762 1318 gratum
785 1232 957 1297 admodum
979 1232 1107 1298 feceris.

102 1354 135 1403 17
218 1323 362 1388 Larisos.
406 1320 479 1407 Ego
514 1342 590 1385 vero
617 1341 684 1384 non
712 1341 877 1406 gravarer,
914 1320 943 1384 si
973 1319 1056 1384 mihi
1087 1322 1161 1407 ipse

153 1409 358 1492 confiderem3
389 1430 466 1474 nam
493 1412 526 1472 et
552 1409 719 1492 praeclara
745 1429 797 1471 res
825 1411 874 1472 est
902 1412 935 1471 et
962 1430 1090 1493 sumus,
1122 1413 1161 1474 ut

154 1497 235 1561 dixit
257 1497 409 1581 Fannius,
432 1496 538 1561 otiosi.
570 1493 633 1560 Sed
647 1496 718 1579 quis
737 1516 797 1581 ego
817 1496 910 1559 sum?
934 1500 991 1559 aut
1004 1517 1090 1579 quae
1108 1501 1161 1561 est

152 1585 188 1649 in
210 1606 261 1649 me
283 1585 444 1649 facultas?
468 1585 636 1649 doctorum
659 1587 709 1648 est
730 1583 795 1648 ista
817 1584 1024 1668 consuetudo,
1055 1606 1160 1670 eaque

154 1671 360 1756 Graecorum,
381 1675 419 1736 ut
440 1672 481 1736 iis
504 1675 653 1756 ponatur,
676 1671 797 1755 dequo
823 1672 988 1757 disputent
1008 1674 1159 1755 quamvis

154 1760 276 1843 subito,
308 1781 462 1844 maguum
490 1781 570 1843 opus
599 1762 648 1823 est
676 1762 812 1844 egetque
840 1760 1070 1824 exercitatione
1093 1783 1161 1826 non

152 1869 262 1932 parva.
294 1845 398 1923 Quam
421 1847 462 1910 ob
486 1868 563 1930 rem,
587 1869 668 1930 quae
687 1847 846 1931 disputari
865 1847 904 1911 de
923 1847 1068 1912 amicitia
1086 1871 1160 1933 pos-

153 1938 242 2017 sunt,
270 1933 310 1999 ab
335 1935 380 1998 eis
404 1955 517 1998 censeo
540 1934 670 2019 petatis,
693 1935 749 2020 qui
771 1935 836 1998 ista
858 1936 1065 2019 profitendum
1097 1958 1159 2023 ego

152 2043 210 2086 vos
238 2021 364 2086 hortari
392 2025 521 2086 tantum
551 2043 698 2106 possum,
729 2025 766 2087 ut
798 2022 974 2087 amicitiam
1006 2025 1160 2089 omnibus

152 2111 249 2173 rebus
267 2109 417 2173 humanis
432 2109 651 2193 anteponatis3
673 2109 755 2173 nihil
771 2114 821 2174 est
835 2111 919 2174 enim
934 2114 1003 2174 tam
1019 2115 1161 2176 naturae

154 2200 278 2280 aptum,
305 2200 374 2261 tam
402 2196 592 2261 conveniens
621 2196 661 2260 ad
690 2218 742 2261 res
769 2199 821 2262 vel
846 2198 1000 2263 secundas
1027 2200 1082 2263 vel
1108 2200 1162 2264 ad-

104 2300 136 2348 18
155 2305 274 2349 versas.
320 2282 382 2348 Sed
404 2285 466 2348 hoc
488 2283 629 2368 primum
653 2285 767 2368 sentio,
792 2286 853 2349 nisi
875 2286 909 2348 in
931 2286 1026 2350 bonis
1050 2288 1162 2352 amici-

153 2372 234 2436 tiam
257 2393 327 2436 esse
348 2393 415 2436 non
436 2393 545 2456 posse3
575 2393 679 2456 neque
701 2373 735 2436 id
763 2373 804 2437 ad
830 2373 940 2438 vivum
967 2395 1095 2457 reseco,
1123 2380 1162 2440 ut

152 2459 213 2542 illi,
236 2459 292 2542 qui
313 2459 393 2523 haec
417 2459 569 2523 subtilius
588 2459 759 2543 dissenmt,
781 2460 920 2524 fortasse
938 2483 1021 2544 vere,
1041 2463 1099 2526 sed
1120 2463 1162 2528 ad

153 2568 356 2612 communem
375 2547 551 2611 utilitatem
569 2569 698 2631 parum3
717 2552 840 2633 negant
858 2549 943 2611 enim
962 2571 1162 2634 quemquam

154 2656 224 2699 esse
246 2635 352 2700 virum
374 2634 496 2698 bonum
518 2635 581 2698 nisi
605 2635 792 2718 sapientem.
838 2633 888 2699 Sit
910 2637 958 2699 ita
981 2657 1072 2720 sane3
1104 2639 1162 2703 sed

154 2745 226 2787 eam
250 2722 442 2807 sapientiam
463 2722 732 2806 interpretantur,
761 2744 858 2806 quam
881 2724 984 2788 adhuc
1007 2727 1161 2791 mortalis

153 2833 247 2875 nemo
272 2815 322 2874 est
345 2813 542 2894 consecutus
564 2831 624 2874 nos
647 2813 756 2874 autem
779 2832 825 2893 ea,
849 2832 930 2893 quae
950 2815 1026 2874 sunt
1044 2812 1079 2876 in
1097 2836 1162 2878 usu

153 2899 285 2982 vitaque
308 2897 479 2975 communi,
500 2919 567 2962 non
590 2919 640 2979 ea,
670 2919 752 2981 quae
773 2897 942 2983 fingrmtur
965 2903 1022 2963 aut
1045 2904 1162 2985 optan-

154 2991 216 3069 tur,
239 2989 384 3070 spectare
408 2985 569 3049 debemus.
614 2983 800 3067 Numquam
828 3006 888 3071 ego
913 2986 1025 3065 dicam
1040 2985 1075 3052 G.
1099 2988 1161 3054 Fa-

154 3074 300 3157 bricium,
322 3073 374 3137 M’.
393 3071 534 3149 Curium,
557 3071 605 3136 Ti.
624 3071 870 3156 Coruncanium,
894 3095 974 3157 quos
995 3075 1162 3159 sapientes

154 3162 259 3225 nostri
282 3160 420 3225 maiores
442 3159 637 3242 iudicabant,
663 3160 704 3224 ad
726 3160 865 3224 istorum
887 3183 1036 3226 normam
1058 3163 1163 3229 fuisse

156 3249 326 3331 sapientes.
358 3247 463 3322 Quare
482 3247 545 3312 sibi
563 3248 706 3312 habeant
717 3248 895 3332 sapientiae
905 3272 1024 3314 nomen
1036 3255 1069 3314 et
1080 3252 1163 3317 invi-

155 3334 281 3398 diosum
300 3339 332 3399 et
355 3338 540 3418 obscurum,
562 3334 751 3419 concedant,
780 3340 818 3400 ut
843 3337 906 3402 viri
928 3338 1006 3405 boni
1028 3337 1163 3406 fuerint.

154 3419 186 3484 N
188 3443 204 3484 e
222 3420 256 3484 id
275 3422 403 3505 quidem
425 3423 557 3506 facient,
583 3423 750 3509 negabunt
768 3424 801 3487 id
823 3424 887 3489 nisi
906 3426 1046 3510 sapienti
1063 3449 1164 3512 posse

104 3521 136 3571 19
156 3509 294 3574 concedi.
326 3509 472 3595 Agamus
486 3510 587 3596 igitur
600 3511 724 3597 pingui,
741 3515 779 3576 ut
798 3513 897 3597 aiunt,
915 3513 1071 3580 Minerva
1100 3513 1165 3591 Qui
