2446 3944
450 234 492 244 —
539 199 692 265 335-

67 358 268 423 aestimondi.
312 357 421 421 Aliter
443 357 604 422 amicitiae
631 357 768 422 stabiles
797 379 986 442 permanere
1007 381 1075 424 non

68 449 214 530 possunt.
258 445 414 529 Disperes
447 445 533 508 enim
563 466 684 528 mores,
716 445 858 529 disparia
885 447 993 512 studia
1025 468 1074 512 se

70 536 220 615 quuntnr,
243 555 380 617 quorum
398 532 627 597 dissimilitudo
647 533 800 597 dissociat
819 533 994 619 amicitias,
1015 556 1074 600 nec

70 620 112 684 ob
136 620 234 685 aliam
256 642 386 685 causam
409 621 510 684 ullam
533 620 611 685 boni
627 621 795 705 improbis,
817 621 959 706 improbi
978 622 1073 687 bouis

71 707 168 772 amici
190 729 259 772 esse
281 729 347 773 nou
369 711 516 792 possunt,
538 708 602 772 nisi
621 709 706 792 quod
724 712 819 772 tanta
837 714 887 773 est
905 710 990 775 inter
1008 731 1074 793 eos,

71 799 194 878 quanta
215 795 356 860 maxima
377 799 590 880 potestesse,
612 818 740 860 morum
765 797 1010 881 studiorumque
1029 798 1074 863 di·

70 883 201 947 stantia.
246 882 344 948 Recte
368 883 467 949 etiam
490 883 633 967 praecipi
658 888 769 967 potest
794 884 830 949 in
852 885 1014 969 amicitiis,
1032 906 1073 950 ne
1093 901 1126 950 75

68 971 287 1054 intemperata
308 972 465 1054 quaedam
488 970 716 1055 benivolentia,
739 972 825 1056 quod
847 994 1002 1057 persaepe
1026 974 1074 1055 fit,

69 1059 225 1142 impediat
247 1080 384 1144 magnas
406 1059 567 1123 utilitates
591 1060 777 1124 amicorum.
821 1058 897 1125 Nec¹
913 1060 1012 1144 enim,
1037 1065 1074 1124 ut

70 1147 111 1210 ad
132 1145 262 1210 fabulas
284 1147 426 1230 redeam,
453 1146 585 1211 Troiam
612 1146 846 1232 Neoptolemus
875 1169 989 1231 capere
1016 1169 1074 1231 po·

68 1234 194 1318 tuisset,
219 1234 247 1297 si
260 1232 481 1318 Lycomedem,
504 1234 590 1318 apud
608 1257 703 1318 quem
723 1238 793 1299 erat
811 1235 975 1318 educatus,
993 1236 1074 1299 mul-

68 1321 112 1385 tis
142 1344 215 1386 cum
242 1322 384 1386 lacrimis
413 1323 477 1386 iter
505 1344 598 1386 suum
624 1323 853 1407 impedientem
881 1323 991 1398 audire
1018 1344 1074 1388 vo-

68 1409 192 1473 luisset.
223 1409 268 1474 Et
287 1431 382 1494 saepe
395 1409 542 1474 incidunt
560 1431 698 1494 magnae
715 1432 776 1493 reS,
794 1413 832 1474 ut
848 1410 1074 1476 discedendum

72 1497 115 1560 sit
138 1498 179 1561 ab
203 1497 329 1582 amicis3
361 1519 441 1581 quas
470 1498 525 1581 qui
552 1497 707 1581 impedire
730 1498 815 1581 vult,
842 1499 928 1580 quod
951 1498 1074 1562 deside-

68 1583 154 1648 rium
180 1606 246 1649 non
272 1584 367 1649 facile
399 1583 497 1668 ferat,
528 1584 557 1648 is
586 1589 619 1649 et
645 1585 793 1649 infirmus
821 1589 871 1648 est
901 1586 1074 1669 mollisque

67 1676 186 1736 natura
213 1675 245 1735 et
273 1673 314 1736 ob
342 1694 414 1736 eam
440 1673 547 1756 ipsam
574 1694 705 1737 causam
732 1673 767 1736 in
794 1672 936 1737 amicitia
958 1695 1073 1757 parum

67 1761 182 1824 iustus.
228 1759 336 1843 Atque
358 1760 393 1823 in
415 1761 504 1825 omni
526 1782 561 1824 re
584 1759 851 1824 considerandum
870 1764 927 1844 est,
947 1763 979 1824 et
997 1760 1075 1843 quid
1093 1776 1127 1826 '16

68 1848 214 1932 postules
238 1848 279 1912 ab
303 1847 406 1912 amico
430 1851 463 1911 et
486 1846 562 1932 quid
584 1848 710 1931 patiare
734 1871 753 1912 a
775 1851 809 1911 tc
832 1847 1009 1932 impetrari.

134 1934 196 1999 Est
217 1936 315 1999 etiam
330 1935 487 2017 quaedam
506 1935 675 1999 calamitas
689 1935 724 1998 in
742 1935 893 1999 amicitiis
913 1935 1073 1999 dimitten·
1084 1936 1124 2000 21

70 2023 120 2086 dis
143 2044 209 2086 non
230 2044 407 2106 numquam
429 2023 624 2106 necessaria3
646 2023 712 2086 iam
735 2023 820 2086 enim
840 2045 859 2086 a
878 2023 1073 2106 sapientium

68 2110 348 2175 familiaritatibus
359 2111 400 2174 ad
409 2112 561 2195 vulgares
573 2110 732 2175 amicitias
747 2110 852 2175 oratio
866 2114 980 2174 nostra
989 2110 1074 2175 dela·

68 2198 166 2262 bitur.
188 2197 372 2282 Erumpunt
382 2219 477 2282 saepe
487 2198 758 2281 vitia-amicorum
772 2197 887 2262 tumin
898 2198 986 2282 ipsos
997 2198 1074 2262 ami·

69 2307 133 2368 cos,
151 2289 222 2349 tum
240 2286 274 2348 in
292 2286 425 2369 alienos,
446 2307 583 2369 quorum
600 2289 712 2350 tamen
726 2285 766 2350 ad
780 2285 900 2350 amieos
917 2286 1074 2350 redundet

68 2373 212 2437 iufamia.
239 2372 333 2437 Tales
347 2373 449 2458 igitur
463 2373 624 2438 amicitiae
635 2377 710 2439 sunt
724 2373 912 2437 remissione
922 2395 999 2438 usus
1010 2374 1074 2438 elu-

70 2461 170 2524 endae
189 2464 230 2542 et,
252 2464 289 2523 ut
313 2459 469 2525 Catonem
492 2460 596 2526 dicere
619 2460 736 2543 audivi,
759 2459 947 2524 dissuendae
969 2461 1074 2545 magis

70 2571 169 2630 quam
179 2547 411 2631 discindendae,
421 2547 485 2611 nisi
499 2547 657 2631 quaedam
672 2547 844 2612 admodum
857 2547 1073 2612 intolerabilis

69 2636 188 2700 iniuria
211 2635 379 2719 exarserit,
406 2639 443 2700 ut
461 2657 564 2718 neque
582 2639 706 2700 rectum
719 2656 822 2717 neque
842 2634 1016 2699 honestum
1031 2634 1074 2698 sit

68 2744 128 2787 nec
149 2723 220 2786 fieri
242 2723 355 2807 possit,
378 2727 415 2787 ut
437 2744 504 2787 non
526 2722 638 2787 statim
662 2721 814 2786 alienatio
838 2720 1073 2803 disiunctioque

69 2810 220 2874 faciunda
247 2811 299 2875 sit.
344 2799 401 2874 Sin
429 2814 537 2874 autem
564 2813 621 2875 aut
649 2831 775 2873 morum
803 2811 859 2872 aut
891 2808 1073 2872 studiorum
1092 2823 1126 2873 77

70 2899 280 2962 commutatio
305 2899 474 2981 quaedam,
497 2901 535 2962 ut
556 2896 627 2961 fieri
650 2898 741 2977 solet,
763 2895 851 2959 facta
874 2895 936 2959 erit
959 2898 1015 2959 aut
1038 2895 1073 2959 in

68 2986 117 3049 rei
147 2986 296 3070 publicae
328 2986 475 3069 partibus
506 2984 663 3049 dissensio
694 2982 912 3047 intercesserit
944 2980 1073 3066 (loquor
1120 3043 1123 3047 .

69 3073 155 3136 enim
179 3074 253 3157 iam,
275 3077 312 3136 ut
335 3074 432 3156 paulo
456 3076 531 3137 ante
555 3072 629 3155 dixi,
646 3093 713 3136 non
735 3071 773 3135 de
792 3069 995 3154 sapientium,
1018 3071 1075 3134 sed

70 3161 108 3225 de
132 3161 353 3225 communibus
377 3159 554 3244 amicitiis),
577 3159 753 3225 cavendum
776 3157 851 3240 erit,
873 3178 913 3221 ne
936 3178 1002 3221 non
1026 3178 1074 3222 so-

69 3249 137 3312 lum
155 3249 315 3313 amicitiae
330 3247 505 3331 depositae,
520 3248 575 3312 sed
589 3247 688 3311 etiam
702 3244 889 3310 inimicitiae
905 3249 1074 3330 susceptae

68 3336 248 3400 videantur.
284 3334 376 3399 Nihil
400 3339 449 3398 est
473 3335 558 3400 enim
581 3335 708 3418 turpius
733 3355 830 3417 quam
853 3355 925 3397 cum
949 3355 986 3398 eo
1005 3334 1075 3398 bel-

70 3424 139 3487 lum
163 3445 283 3508 gerere,
307 3444 443 3506 quocum
465 3422 670 3487 familiariter
692 3421 820 3486 vixeris.
859 3419 909 3485 Ab
931 3422 1075 3488 amicitia

69 3510 105 3586 Q.
119 3511 254 3597 Pompei
273 3532 344 3575 meo
362 3510 492 3575 nomine
513 3533 547 3575 se
565 3513 756 3593 removerat,
779 3512 817 3573 ut
835 3509 933 3592 scitis,
952 3507 1074 3594 Scipi03
