2446 3944
465 195 704 260 -183-

81 352 167 435 quod
197 354 346 415 teneatur
381 351 549 415 hominum
585 350 747 414 societate.
798 349 942 430 [Etenim
976 347 1085 434 cogni·

80 439 203 503 tionem
224 438 491 523 prudentiamque
515 440 667 521 sequetur
689 437 893 502 considerata
916 436 1014 521 actio,
1036 436 1085 501 ita

80 527 128 609 fit,
150 529 186 589 ut
209 547 305 611 agere
329 526 529 590 considerate
547 525 651 609 pluris
670 525 714 589 sit
733 547 830 609 quam
848 525 993 610 cogitare
1010 546 1086 608 pru-

16 634 18 638 ·
82 613 213 694 denton]
267 612 377 697 Atque
413 614 493 678 haee
525 613 653 696 quidem
683 614 849 678 haetenus.
897 611 1084 677 Patefactus

82 701 166 765 enim
189 702 278 765 locus
302 705 352 765 est
373 701 452 784 ipse,
474 704 512 765 ut
533 722 600 765 non
623 700 753 765 difficile
776 701 819 764 sit
837 701 872 764 in
890 699 1085 784 exquirendo
1200 747 1202 751 -

82 788 197 873 officio,
221 789 297 872 quid
318 788 431 872 auique
450 788 494 851 sit
511 789 781 873 praeponendum,
803 788 920 853 videro.
956 787 996 852 In
1013 788 1086 871 ipsa

83 880 190 941 autem
209 877 439 941 communitate
458 879 534 939 sunt
553 875 671 961 gradus
691 874 879 959 officiorum,
903 898 940 940 ex
960 875 1086 960 quibus,

83 964 158 1048 quid
186 965 299 1047 cuique
325 967 482 1049 praestet,
514 963 662 1048 intellegi
687 964 806 1048 possit,
838 967 875 1027 ut
902 963 1008 1048 prima
1036 962 1085 1026 dis

81 1053 318 1134 inmortalibus,
341 1051 480 1116 secunda
502 1051 636 1136 patriae,
657 1051 757 1115 tortia
778 1051 977 1135 parentibus,
1000 1050 1085 1114 dein-

82 1162 156 1223 oeps
185 1139 347 1224 gradatim
374 1139 507 1222 reliquis
535 1139 740 1203 debeantur·
765 1138 888 1214 Quibus
914 1158 953 1202 ex
975 1138 1072 1201 rebus
1088 1151 1138 1201 161

81 1227 224 1292 breviter
252 1227 426 1312 disputatis
453 1226 601 1311 intellegi
625 1229 736 1310 potest
757 1247 823 1290 nou
846 1225 952 1289 solum
974 1225 1007 1288 id
1030 1224 1086 1289 ho·

82 1314 185 1379 mines
209 1315 313 1378 solere
336 1314 497 1398 dubitare,
525 1313 738 1378 honestumne
761 1337 804 1379 an
825 1317 920 1397 turpe
943 1312 1000 1395 sit,
1030 1312 1087 1377 sed

82 1402 182 1468 etiam
205 1403 328 1467 duobus
351 1401 528 1486 propositis
550 1403 696 1466 honestis
718 1406 829 1467 utrum
846 1400 1015 1466 honestius
1033 1399 1086 1464 sit.

81 1489 144 1555 Hio
162 1492 252 1555 loeus
272 1512 291 1554 a
308 1489 464 1554 Panaetio
484 1492 542 1573 est,
564 1493 602 1553 ut
620 1511 718 1575 supra
736 1489 812 1574 dixi,
828 1489 1087 1575 praetermissus.

82 1575 146 1643 Sed
167 1578 240 1643 iam·
257 1578 299 1641 ad
320 1577 445 1661 reliqua
467 1597 650 1662 pergamus.
