2446 3944
460 191 702 257 -193-

83 332 1089 506 trittatlitffitdtllll’dlanltlll

85 509 147 586 Qui
170 509 306 592 denique
330 531 368 573 ex
390 509 486 573 best'
449 512 504 572 tus
526 508 652 573 fruetus
674 513 732 574 aut
759 531 841 593 quae
867 510 1089 595 commoditas,

82 597 148 662 nisi
169 596 317 703 homines
342 596 541 680 adiuvarent,
563 596 686 681 percipi
707 598 841 681 posset?
877 596 1016 664 Namet
1001 562 1090 684 tqul

83 685 245 770 principes
272 684 456 748 inveniendi
480 646 611 748 fue'runt
616 705 750 767 ,quem
778 707 816 749 ex
843 707 969 770 quaque
992 687 1089 752 belua

83 794 178 838 usum
205 773 326 837 habere
352 793 534 872 possemus,
565 734 713 836 holnines
740 775 826 837 certe
855 773 999 858 fuerunt,
1030 796 1089 839 nec

83 860 145 926 hoc
167 863 314 944 tempore
338 861 407 924 sine
429 859 597 924 hominum
616 881 715 944 opera
733 864 790 924 aut
807 882 940 944 pascere
958 884 1012 926 eas
1032 865 1089 928 aut
1139 871 1145 880 “

84 949 215 1013 domare
234 950 292 1013 aut
309 948 394 1011 tueri
412 952 469 1012 aut
486 947 699 1032 tempestivos
717 945 842 1012 fructus
860 971 899 1013 ex
917 949 957 1013 iis
976 971 1089 1034 capere

83 1057 265 1121 possemus3
295 1034 337 1100 ab
360 1036 543 1119 eisdemque
567 1038 612 1119 et,
636 1057 718 1119 quae
739 1038 873 1120 nocent,
894 1036 1089 1102 interficiun-

83 1128 139 1189 tur
161 1126 202 1208 et,
225 1144 307 1207 quae
330 1123 404 1188 usui
424 1127 564 1207 possunt
586 1144 665 1206 esse,
688 1123 867 1208 capiuntur.
909 1122 992 1199 Quid
1015 1139 1141 1189 anu-15

83 1233 206 1276 merem
228 1211 348 1276 artium
370 1211 620 1295 multitudinem,
644 1211 712 1276 sine
735 1211 852 1295 quibus
870 1211 940 1276 vita
958 1212 1088 1277 omnine

82 1300 174 1364 nulla
202 1320 272 1363 esse
299 1299 480 1383 potuisset?
526 1297 588 1374 Qui
615 1298 700 1364 enim
725 1299 831 1385 aegris
856 1300 1089 1383 subveniretur,

84 1409 166 1471 quae
190 1389 275 1451 esset
296 1387 470 1452 oblectatio
488 1386 676 1470 valentium,
699 1387 755 1470 qui
772 1387 878 1452 victus
897 1389 954 1452 aut
972 1387 1089 1470 cultus,

83 1475 146 1539 nisi
178 1478 247 1539 tam
278 1474 401 1540 multae
434 1474 529 1540 nobis
566 1477 653 1538 artes
690 1474 935 1539 ministrarent?
972 1475 1089 1559 quibus

83 1564 179 1627 rebus
207 1563 335 1627 exculta
361 1562 529 1627 hominum
554 1562 625 1627 vita
656 1565 786 1627 tantum
817 1563 919 1627 distat
950 1586 970 1627 a
1001 1563 1089 1628 victu

84 1653 117 1715 et
140 1650 229 1715 cultu
251 1650 440 1714 bestiarum.
481 1648 587 1714 Urbes
609 1671 686 1715 vero
711 1650 779 1714 sine
804 1650 972 1716 hominum
996 1654 1090 1715 coetu

83 1760 149 1802 non
170 1737 354 1822 potuissent
375 1759 434 1802 nec
457 1737 620 1802 aedificari
642 1759 701 1802 nec
723 1737 935 1821 frequentari3
963 1759 1002 1802 ex
1025 1761 1088 1838 quo

83 1826 173 1911 leges
195 1846 365 1909 moresque
388 1826 530 1890 constitu
509 1825 571 1908 uti,
597 1825 700 1889 tum
690 1825 771 1889 ruris
795 1847 898 1976 aequa
920 1825 1065 1910 discript
1056 1849 1088 1890 ιο

84 1916 235 1996 certaque
260 1912 388 1977 vivendi
416 1912 601 1996 disciplina;
628 1933 709 1996 quas
736 1933 788 1978 res
816 1916 848 1978 et
875 1913 1088 1978 mansuetudo

85 2001 266 2065 animorum
295 2003 468 2065 consecuta
499 2003 532 2064 et
517 1999 754 2065 tverecundia
786 2004 836 2065 est
868 2001 1088 2085 effectumque,

83 2092 231 2153 utesset
253 2088 323 2154 rita
344 2087 514 2170 munitior,
540 2090 637 2172 atque
659 2090 697 2151 ut
682 2087 824 2152 tdando
848 2092 880 2153 et
903 2089 1088 2173 accipiendo

83 2175 332 2260 mutuandisque
357 2138 632 2240 facultatilrustet
662 2175 904 2241 commodandis
935 2177 1027 2241 nulla
1053 2199 1089 2242 re

85 2285 261 2329 caremus.

104 2285 126 2350 g
150 2351 329 2437 Longiores
347 2351 409 2416 hoo
427 2352 499 2416 loco
519 2373 639 2433 sumus,
657 2372 755 2434 quam
772 2371 902 2417 necesse
921 2355 979 2416 est.
1010 2319 1128 2427 Quis5
1108 2395 1141 2444 16

84 2443 134 2504 est
163 2439 261 2523 enim,
290 2439 341 2504 oui
362 2460 428 2503 non
454 2439 625 2522 perspicua
648 2438 714 2502 sint
736 2439 808 2522 illa,
836 2460 918 2523 quae
940 2439 1088 2524 pluribus

83 2527 192 2591 verbis
220 2549 240 2591 a
266 2525 399 2591 Panaet
374 2529 422 2592 tro
455 2529 761 2608 commemorantur,
792 2527 954 2591 neminem
985 2547 1089 2610 neque

84 2614 196 2680 ducem
219 2614 307 2679 bello
330 2635 389 2679 nec
411 2613 590 2698 principem
613 2613 700 2678 domi
721 2633 858 2698 magnas
881 2635 932 2678 res
954 2616 987 2678 et
1005 2615 1089 2678 salu·

83 2706 172 2767 tares
200 2703 269 2766 sine
296 2701 465 2766 hominum
492 2700 608 2765 studiis
641 2721 752 2785 gerere
783 2700 950 2784 potuisse?
996 2699 1089 2765 Com·

84 2793 244 2854 memorat
245 2812 284 2853 ur
230 2789 347 2854 tab
371 2810 408 2854 eo
432 2788 674 2871 Themistocles,
696 2786 846 2872 Pericles,
868 2786 980 2871 Cyrus,
1003 2786 1088 2872 Age

84 2877 194 2960 silaus,
213 2876 404 2960 Alexander,
423 2898 503 2960 quos
516 2879 617 2961 negat
631 2875 700 2940 sine
714 2875 906 2941 adiumentis
920 2875 1089 2939 hominum

83 2967 194 3029 tantas
222 2986 273 3043 res
301 2927 426 3030 efficele
452 2964 606 3065 potuisse.
652 2962 799 3029 Utitur
789 2985 823 3028 m
845 2984 880 3027 re
902 2983 968 3026 non
991 2961 1088 3025 dubia

83 3053 225 3117 testibus
247 3074 314 3117 non
335 3053 532 3116 necessariis
577 3051 687 3136 Atque
709 3054 746 3116 ut
767 3070 903 3135 magnas
928 3052 965 3114 ιιι
951 3048 1017 3113 ιιιιι
1019 3051 1087 3113 ates

84 3140 294 3225 adipiscimur
324 3139 562 3222 conspiratione
593 3138 761 3204 hominum
792 3141 889 3220 atque
922 3158 1088 3220 consensu,

84 3228 132 3292 sic
153 3228 245 3293 nulla
267 3231 335 3291 tam
359 3227 560 3291 detestabilis
579 3226 680 3310 pestis
700 3230 759 3307 est,
782 3247 863 3308 quae
881 3246 948 3290 non
965 3189 1088 3290 ιιοιιιιιιι

84 3316 126 3380 ab
150 3315 280 3380 homine
302 3317 461 3378 nascatur.
497 3313 559 3377 Est
576 3313 767 3378 Dicaearchi
785 3313 868 3377 liber
891 3312 930 3377 de
952 3312 1088 3378 interitu

83 3402 268 3483 hominum,
290 3399 499 3485 Peripatetici
520 3401 632 3487 magni
655 3405 687 3465 et
710 3400 841 3485 copiosi,
864 3401 920 3485 qui
943 3402 1087 3466 collectis

85 3491 200 3555 ceteris
223 3488 328 3554 causis
353 3489 519 3573 eluriouis,
541 3488 758 3574 pestilentiae,
780 3489 957 3573 vastitatis,
979 3489 1088 3554 belua

143 3600 324 3656 ἰιιιιοιιῐιιι,
340 3597 385 3644 ou.
399 3595 514 3653 ιιιῐιιιιι.
528 3591 642 3647 &dudm-
901 3599 934 3647 13
