2446 3944
544 185 784 250 -424-

161 342 264 425 iisque
294 344 327 405 et
352 341 484 405 morbos
518 341 709 405 insanabilis
736 343 770 404 et
798 340 925 406 dolores
956 341 1180 409 intolerabilis

162 428 373 512 adiunxisset,
401 428 526 493 animos
554 449 682 512 quoque
709 428 832 493 dederit
859 432 892 493 et
915 450 1099 513 corporum
1128 432 1179 498 do

160 517 285 582 loribus
317 516 523 600 congruentis
556 519 589 580 et
620 515 796 598 separatim
828 516 895 581 suis
930 518 1118 602 angoribus
1150 523 1179 584 et

126 603 321 668 smolestiis
353 603 544 686 implicatos.
598 601 661 669 Sed
691 604 726 667 in
757 603 818 668 hoc
849 624 900 667 me
931 605 1007 688 ipse
1040 607 1177 693 castigo,
1210 651 1214 656 -

161 691 246 773 quod
274 712 313 754 ex
340 690 476 754 aliorum
504 696 536 755 et
563 713 601 754 ex
623 694 735 754 nostra
755 691 895 756 fortasse
921 693 1084 779 mollitia,
1114 717 1175 760 non

161 799 200 842 ex
217 778 290 861 ipsa
307 778 436 862 virtute,
455 778 493 842 de
506 779 637 843 virtutis
656 779 772 843 robore
792 778 961 844 existumo.
995 779 1063 846 Illa
1083 783 1175 865 enim,

161 865 189 930 si
212 865 307 929 modo
327 870 376 930 est
394 865 462 929 ulla
479 866 597 949 virtus,
619 887 716 949 quam
735 865 970 932 dubitationem
993 870 1175 935 avunculus

160 957 249 1036 tuus,
272 952 386 1035 Brute,
409 953 553 1031 sustulit,
576 953 697 1036 omnia,
720 974 802 1036 quae
821 952 933 1017 cadere
953 953 1174 1023 inhominem

160 1044 312 1125 possunt,
335 1041 447 1104 subter
469 1061 503 1103 se
530 1040 629 1104 habet
651 1061 750 1123 eaque
778 1040 955 1124 despiciens
979 1064 1078 1108 casus
1103 1067 1172 1111 con·

159 1129 278 1192 temnit
312 1129 472 1192 humanos
508 1127 664 1211 culpaque
697 1128 786 1192 omni
822 1149 933 1192 carens
968 1135 1106 1213 praeter
1143 1153 1173 1197 se

159 1218 266 1300 ipsam
289 1216 371 1279 nihil
390 1217 499 1279 censet
521 1215 561 1279 ad
585 1216 807 1297 sepertinere.
842 1215 912 1280 Nos
929 1220 1043 1284 autem
1063 1221 1173 1285 omnia

161 1304 296 1367 adversa
322 1324 394 1368 cum
420 1302 584 1367 venientia
611 1305 699 1366 metu
726 1306 895 1386 augentes,
921 1306 992 1368 tum
1025 1328 1172 1373 maerore

159 1391 343 1474 praesentia
380 1411 486 1453 rerum
522 1393 672 1453 naturam
708 1411 804 1473 quam
843 1411 985 1455 errorem
1022 1398 1172 1461 nostrum

161 1479 313 1542 damnare
336 1478 504 1541 malumus.

120 1535 142 1598 2

125 1610 142 1659 ὅ
228 1563 290 1629 Sed
312 1568 345 1630 et
367 1565 462 1629 huius
485 1565 599 1647 culpae
622 1567 655 1629 et
676 1568 855 1631 ceterorum
877 1567 1033 1632 vitiorum
1059 1591 1170 1653 pecca·

160 1657 330 1738 torumque
365 1656 550 1718 nostrorum
587 1651 690 1717 omnis
729 1675 748 1717 a
783 1653 994 1738 philosophia
1031 1658 1172 1740 petenda

161 1742 317 1805 correctio
341 1743 399 1805 est.
436 1736 535 1804 Cuius
557 1739 592 1804 in
614 1740 720 1804 sinum
742 1762 815 1806 cum
838 1763 858 1805 a
879 1741 993 1825 primis
1016 1746 1171 1829 tempori-

160 1828 221 1891 bus
250 1827 367 1891 aetatis
394 1831 507 1891 nostra
533 1828 684 1892 voluntas
712 1829 916 1913 studiumque
942 1851 1004 1894 nos
1038 1853 1170 1917 compu-

159 1915 266 1997 lisset,
288 1914 339 1977 his
364 1914 565 1998 gravissimis
588 1915 716 1979 casibus
739 1915 773 1978 in
796 1916 931 1981 eundem
953 1922 1104 2004 portum,
1135 1943 1170 1985 ex

160 2022 223 2084 quo
256 2022 382 2065 eramus
414 2002 548 2084 egressi,
579 2022 698 2086 magna
728 2002 842 2068 iactati
871 2006 1068 2088 tempestate
1099 2029 1170 2073 con·

160 2087 312 2172 fugimus.
362 2087 389 2152 Ο
416 2089 502 2152 vitae
530 2088 738 2172 philosophia
765 2090 842 2173 dux,
870 2112 889 2155 o
917 2093 1051 2158 virtutis
1081 2095 1169 2160 inda·

160 2175 268 2259 gatrix
304 2176 528 2258 expultrixque
563 2175 731 2241 vitiorum!
764 2178 842 2261 quid
872 2200 938 2243 non
970 2180 1069 2246 modo
1102 2203 1169 2260 nos,

161 2262 216 2326 sed
240 2262 370 2326 omnino
399 2263 468 2327 vita
490 2262 657 2327 hominum
681 2265 749 2328 sine
776 2268 809 2328 te
833 2287 902 2330 esse
924 2266 1111 2350 potuisset?
1134 2273 1169 2333 tu

160 2350 251 2414 urbis
278 2350 447 2434 peperisti,
473 2353 510 2415 tu
538 2350 712 2434 dissipatos
737 2352 885 2417 homines
913 2353 947 2417 in
980 2355 1168 2421 societatem

161 2437 247 2502 vitae
279 2437 477 2521 convocasti,
512 2442 549 2503 tu
581 2459 635 2503 eos
667 2439 752 2502 inter
784 2461 818 2504 se
849 2440 954 2523 primo
987 2441 1168 2525 domiciliis,

160 2524 274 2588 deinde
288 2526 458 2610 coniugiis,
475 2529 545 2589 tum
563 2526 744 2589 litterarum
758 2529 793 2590 et
810 2548 924 2592 vocum
942 2531 1169 2596 communione

159 2612 306 2696 iunxisti,
333 2617 369 2677 tu
396 2612 557 2678 inventrix
583 2612 706 2695 legum,
732 2616 769 2676 tu
796 2615 953 2698 magistra
981 2637 1110 2682 morum
1138 2622 1169 2682 et

160 2699 350 2783 disciplinae
372 2700 477 2783 fuisti3
501 2699 541 2763 ad
562 2702 596 2763 te
619 2699 835 2785 confugimus,
863 2724 882 2765 a
910 2705 943 2766 te
966 2724 1063 2786 opem
1089 2705 1168 2788 peti·

160 2810 245 2871 mus,
276 2787 339 2851 tibi
365 2808 440 2870 nos,
471 2789 508 2850 ut
534 2789 629 2850 antea
656 2808 776 2871 magna
802 2809 841 2852 ex
870 2792 975 2872 parte,
1005 2792 1054 2856 sic
1083 2814 1168 2858 nunc

159 2876 289 2958 penitus
311 2878 462 2957 totosque
484 2874 651 2938 tradimus.
687 2874 749 2938 Est
767 2879 874 2940 autem
892 2899 975 2941 unus
999 2878 1068 2943 dies
1088 2881 1168 2945 bene

160 2965 249 3026 etex
272 2961 452 3045 praeceptis
469 2961 534 3025 tuis
554 2965 644 3026 actus
662 2963 810 3045 peccanti
829 2963 1062 3031 inmortalitati
1081 2971 1167 3032 ante-

159 3049 335 3133 ponendus.
380 3047 479 3112 Cuius
506 3049 606 3133 igitur
633 3049 743 3132 potius
771 3051 886 3133 opibus
913 3054 1044 3117 utamur
1072 3076 1168 3139 quam

160 3138 239 3220 tuis,
264 3158 344 3220 quae
367 3139 400 3200 et
422 3136 508 3200 vitae
530 3136 800 3220 tranquillitatem
822 3137 942 3222 largita
958 3140 1054 3204 nobis
1079 3163 1114 3206 es
1137 3145 1169 3206 et

124 3225 316 3292 cterrorem
348 3223 462 3288 mortis
495 3222 678 3288 sustulisti?
723 3223 771 3289 Ac
802 3225 1011 3310 philosophia
1038 3229 1169 3311 quidem

160 3313 287 3374 tantum
316 3312 409 3375 abest
433 3314 470 3375 ut
496 3311 646 3395 proinde,
678 3332 715 3375 ac
747 3312 786 3375 de
817 3312 986 3379 bominum
1019 3319 1071 3380 est
1101 3316 1170 3381 vita

160 3397 289 3480 merita,
321 3398 483 3481 laudetur,
514 3402 552 3463 ut
583 3421 603 3463 a
633 3398 794 3483 plerisque
825 3401 974 3484 neglecta
1005 3423 1025 3466 a
1057 3403 1168 3468 multis

85 3484 259 3712 xtiam
272 3486 481 3569 vituperetur.
508 3484 699 3570 Vituperare
713 3487 883 3570 quisquam
896 3489 981 3553 vitae
999 3494 1168 3572 parentem
