2446 3944
522 209 763 272 -146-

88 395 123 443 47
209 377 259 442 De
299 375 517 441 benivolentia
557 378 679 457 autem,
720 396 817 458 quam
854 374 989 457 quisque
1028 372 1154 437 habeat

143 486 222 551 erga
252 485 326 547 nos,
356 463 497 548 primum
528 462 609 526 illud
641 466 691 526 est
720 463 755 526 in
782 461 902 545 officio,
929 465 967 524 ut
994 461 1024 524 ei
1050 461 1154 544 pluri·

143 575 231 618 mum
257 552 448 633 tribuamus,
476 573 495 614 a
523 572 586 634 quo
611 550 787 635 plurimum
811 549 994 635 diligamur,
1017 549 1073 612 sed
1096 549 1153 613 be-

141 639 353 705 nivolentiam
380 660 446 702 non
473 639 785 702 adulescentulorum
812 659 901 701 more
930 636 1044 701 ardore
1073 658 1153 719 quo·

144 728 218 792 dam
256 726 389 808 amoris,
431 725 486 789 sed
523 725 703 790 stabilitate
743 725 852 809 potius
890 728 922 788 et
965 724 1152 789 constantia

143 816 328 879 iudicemus,
374 811 431 876 Sin
458 817 552 877 crunt
581 814 710 896 merita,
741 816 778 877 ut
809 835 876 877 non
906 813 1060 895 ineunda,
1094 811 1153 875 sed

143 902 310 967 referenda
337 901 380 965 sit
409 901 530 986 gratia,
547 901 661 964 'maior
687 901 844 984 quaedam
868 922 944 965 cura
967 899 1153 964 adhibenda

144 989 355 1074 est3'nullum
378 989 464 1053 enim
488 988 629 1052 officium
652 988 819 1052 referenda
842 988 950 1073 gratia
967 987 1073 1072 magis
1096 1009 1152 1051 ne·

90 1095 125 1144 48
144 1078 320 1142 cessarium
334 1080 392 1140 est.
418 1075 539 1151 Quodsi
553 1097 599 1159 ea,
614 1097 695 1159 quae
708 1076 828 1140 utenda
842 1076 1012 1159 acceperis,
1026 1075 1152 1139 maiore

144 1187 303 1248 mensura,
321 1165 350 1228 si
367 1164 462 1228 modo
481 1164 597 1248 possis,
615 1165 705 1227 iubet
723 1164 853 1228 reddere
869 1163 1041 1246 Hesiodus,
1060 1163 1152 1246 quid-

143 1275 220 1318 nam
242 1252 396 1317 beneficio
424 1251 593 1337 prouocati
619 1251 725 1316 facore
753 1251 926 1316 debemus?
957 1274 999 1315 an
1025 1250 1151 1315 imitari

145 1362 240 1426 agros
263 1340 403 1423 fertiles,
431 1340 486 1423 qui
512 1340 616 1404 multo
644 1339 717 1424 plus
741 1339 878 1403 efferunt
902 1352 999 1422 quam
1022 1360 1152 1422 accepe-

144 1429 242 1494 runt?
286 1427 417 1494 Etenim
445 1428 473 1491 si
500 1427 535 1491 in
562 1448 630 1509 eos,
660 1447 741 1510 quos
769 1449 937 1511 speramus
959 1427 1054 1491 nobis
1077 1447 1152 1510 pro·

143 1517 281 1599 futuros,
303 1537 370 1581 non
392 1516 577 1581 dubitamus
598 1515 705 1579 officia
723 1515 877 1598 conferre,
901 1515 1012 1598 quales
1035 1515 1070 1577 in
1093 1536 1150 1578 eos

145 1627 215 1670 esse
243 1604 410 1686 debemus,
440 1605 496 1687 qui
521 1605 588 1669 iam
614 1602 827 1688 profuerunt?
871 1601 959 1667 Nam
985 1624 1057 1666 cum
1086 1602 1150 1666 duo

145 1713 265 1777 genera
282 1692 492 1757 liberalitatis
511 1692 585 1775 sint,
603 1713 703 1755 unum
722 1690 819 1755 dandi
836 1689 991 1774 beneficii,
1010 1690 1151 1755 alterum

144 1779 309 1862 reddendi,
337 1778 447 1843 demus
470 1801 583 1862 neone,
609 1779 644 1843 in
665 1782 779 1843 nostra
801 1782 966 1863 potestate
992 1783 1057 1861 est,
1083 1799 1152 1841 non

54 1946 57 1951 Α
144 1866 277 1930 reddere
303 1866 374 1930 viro
401 1866 581 1939 bon00non
608 1866 697 1949 licet,
727 1867 823 1931 modo
851 1867 884 1930 id
910 1866 1016 1930 facere
1043 1866 1151 1950 possit

91 1970 125 2019 49
146 1953 215 2017 sine
237 1953 362 2016 iniuria.
398 1954 613 2037 Acceptorum
632 1957 740 2018 autem
763 1954 989 2018 beneficiorum
1011 1957 1087 2017 sunt
1106 1954 1151 2017 di·

145 2041 247 2105 lectus
270 2039 419 2123 habendi,
441 2062 500 2105 nec
518 2040 659 2123 dubium,
683 2042 761 2124 quin
779 2042 920 2107 maximo
944 2040 1150 2125 cuique'plu·

145 2128 263 2191 rimum
287 2126 449 2191 debeatur.
494 2126 533 2191 In
556 2149 619 2211 quo
642 2131 752 2193 tamen
774 2129 954 2214 inprimis,
978 2150 1041 2212 quo
1065 2129 1150 2212 quis·

146 2236 207 2297 que
230 2214 347 2297 animo,
370 2215 490 2298 studio,
513 2215 734 2281 benivolentia
756 2216 883 2301 fecerit,
905 2216 1150 2302 ponderandum

146 2305 204 2366 est.
239 2300 337 2366 Multi
353 2303 438 2366 enim
455 2302 579 2367 faciunt
598 2304 703 2368 multa
721 2306 903 2369 temeritate
922 2306 1062 2388 quadam
1081 2305 1150 2369 sine

144 2389 261 2453 iudicio
293 2390 345 2454 vel
377 2392 490 2455 morbo
522 2391 558 2454 in
589 2412 699 2456 omnes
731 2394 784 2458 vel
810 2393 979 2477 repentino
1009 2392 1150 2476 quodam

146 2478 239 2560 quasi
252 2480 349 2541 vento
363 2477 488 2562 impetu
502 2479 600 2542 animi
616 2480 757 2564 incitati;
776 2502 857 2564 quae
875 2480 1030 2545 beneficia
1048 2502 1150 2564 aeque

145 2585 264 2648 magna
286 2587 351 2630 non
374 2570 450 2630 sunt
472 2566 620 2631 habenda
641 2570 738 2651 atque
757 2590 803 2653 ea,
827 2590 908 2652 quae
926 2569 1053 2652 iudicio,
1077 2590 1150 2632 oon·

146 2651 285 2717 siderate
308 2657 555 2737 constanterque
579 2654 687 2719 delata
708 2659 791 2719 sunt.
828 2654 890 2720 Sed
907 2656 943 2719 in
961 2657 1150 2721 collocando

145 2740 300 2806 beneficio
323 2744 356 2805 et
378 2742 413 2804 in
434 2742 601 2807 referenda
624 2743 746 2827 gratia,
770 2743 798 2807 si
821 2747 927 2808 cetera
948 2744 1040 2828 paria
1064 2747 1151 2829 runt,

144 2828 206 2893 hoc
228 2851 377 2893 maxume
401 2829 498 2894 officii
522 2833 584 2913 est,
612 2834 649 2893 ut
677 2830 811 2914 quisque
837 2853 985 2896 maxume
1009 2831 1080 2916 opis
1102 2832 1151 2897 in-

146 2916 263 3001 digeat,
285 2917 332 2980 ita
356 2917 385 2981 ei
407 2917 613 3001 potissimum
636 2918 804 3002 opitulari3
827 2921 912 3002 quod
935 2922 1049 2984 contra
1071 2919 1110 2983 fit
1130 2943 1152 2984 a

144 3005 321 3088 plerisque3
344 3027 364 3069 a
387 3027 450 3088 quo
474 3006 558 3069 enim
581 3006 757 3089 plurimum
776 3011 917 3091 sperant,
940 3007 1070 3071 etiamsi
1091 3007 1151 3072 illo

145 3091 186 3154 iis
208 3114 274 3156 non
297 3096 383 3176 eget,
406 3096 516 3156 tamen
539 3093 568 3156 ei
589 3093 797 3177 potissimum
819 3095 1008 3160 inserviunt.

92 3157 136 3281 5106
234 3177 365 3262 Optime
397 3184 505 3244 autem
537 3181 674 3245 societas
706 3181 873 3246 hominum
905 3183 1151 3266 coniunctioque

147 3265 338 3349 servabitur,
362 3267 403 3350 si,
425 3272 463 3331 ut
486 3268 620 3351 quisque
644 3268 706 3332 erit
728 3270 1021 3354 coniunctissimus,
1043 3271 1093 3336 ita
1115 3272 1153 3336 in

147 3373 220 3416 eum
242 3352 454 3438 benignitatis
477 3355 653 3441 plurimum
674 3356 864 3423 conferetur.
901 3357 971 3442 Sed,
995 3380 1076 3441 quae
1094 3381 1152 3424 na-

146 3442 239 3503 turae
254 3440 412 3527 principia
426 3443 492 3506 sint
505 3443 746 3517 communitatis
762 3449 794 3508 et
806 3445 970 3510 societatis
979 3445 1152 3531 humanae,

145 3527 356 3612 repetendum
388 3529 515 3595 videtur
549 3530 661 3614 altius3
693 3535 743 3595 est
771 3532 855 3597 enim
882 3533 1036 3618 primurn,
1064 3535 1153 3618 quod
