2446 3944
531 231 573 240 —
619 192 772 259 344-

147 355 262 422 studiis
291 355 394 421 diuam
424 356 638 443 cognoscendi
666 379 793 443 semper
820 359 943 442 aliquid
977 363 1080 446 atque
1116 363 1164 429 di·

147 444 276 510 scendi?
302 444 475 528 inquibus
499 446 616 510 remoti
640 446 680 510 ab
704 447 805 511 oeulis
826 448 939 532 populi
958 470 1054 514 omne
1075 451 1163 517 otio-

146 554 216 598 sum
240 535 369 616 tempus
392 533 613 599 contrivimus.
653 532 801 608 ,Quarum
827 557 935 599 rerum
969 537 1162 605 recordatio

146 623 179 685 et
210 620 367 685 memoria
399 621 427 685 si
458 643 523 686 una
552 644 625 687 eum
655 622 714 687 illo
743 622 925 708 occidisset,
957 624 1161 693 desiderium

145 708 400 774 coniunctissimi
419 712 516 793 atque
535 710 751 775 amantissimi
769 711 831 776 viri
850 711 935 776 ferre
948 714 1041 779 nullo
1055 717 1159 781 modo

144 818 282 882 possem.
315 794 378 861 Sed
400 818 459 863 nee
473 798 540 877 ,illa
563 798 705 863 extincta
728 803 804 863 sunt
827 800 1023 884 alunturque
1041 803 1160 886 potius

145 888 178 949 et
201 888 361 971 augentur
384 885 582 972 cogitatione
605 890 638 951 et
660 887 817 952 memoria
844 910 929 972 mea,
957 892 1003 972 et,
1033 890 1061 954 si
1087 891 1159 956 illis

143 973 240 1059 plane
273 975 407 1038 orbatus
440 995 557 1057 essem,
593 996 748 1061 magnum
785 979 896 1040 tamen
932 976 1038 1041 adfert
1072 979 1159 1044 mihi

144 1064 235 1126 aetas
256 1061 329 1146 ipsa
352 1061 516 1127 solacium.
553 1062 684 1127 Diutius
712 1062 797 1127 enim
823 1063 890 1128 iam
916 1063 951 1128 in
978 1065 1041 1130 hou
1072 1066 1159 1132 desi-

144 1150 231 1214 derio
256 1171 414 1215 essenon
436 1172 577 1235 possum.
623 1149 740 1216 Omnia
767 1155 876 1217 autem
898 1152 1010 1217 brevia
1034 1155 1160 1221 toleru-

143 1238 223 1302 bilia
246 1259 316 1302 esse
339 1238 465 1322 debent,
488 1238 617 1303 etiamsi
639 1260 759 1324 magna
782 1243 867 1304 sunt,

208 1325 299 1392 Haec
321 1326 421 1391 habui
444 1325 482 1390 de
506 1326 649 1392 amicitia
672 1349 754 1410 quae
773 1328 919 1393 dicerem.
951 1326 1021 1392 Vos
1041 1333 1159 1396 autem

141 1413 265 1498 hortor,
287 1418 325 1478 ut
342 1413 391 1478 ita
413 1414 568 1479 virtutem
591 1415 713 1497 locetis,
737 1415 805 1480 sine
829 1438 893 1499 qua
916 1415 1063 1481 amicitia
1082 1440 1159 1484 esse

141 1523 208 1566 non
229 1505 348 1588 potest,
370 1506 407 1567 ut
430 1523 469 1567 ea
492 1507 625 1588 excepta
646 1503 728 1567 nihil
753 1503 896 1569 amicitia
918 1505 1159 1589 praestabilius

141 1590 273 1675 putetis.
