2446 3944
405 1169 452 1244 M.
480 1168 623 1243 TULLI
649 1166 897 1243 CICERONIS

263 1347 484 1438 LAELIUS
515 1351 589 1434 DE
619 1348 857 1436 AMICITIA
889 1348 1053 1432 LIBER

339 1517 400 1582 Ao
424 1518 459 1582 r.
480 1516 742 1585 Pomomom
764 1513 968 1581 Ammon.

491 1749 827 1811 ARGUMENTUM.

226 1862 294 1918 Cum
311 1863 386 1918 inter
402 1864 432 1918 P.
452 1863 611 1934 Scipionem
624 1863 785 1918 Africanum
799 1865 829 1917 et
843 1863 872 1921 C.
881 1863 1009 1919 Laelium
1022 1881 1166 1921 summam

155 1933 530 2059 occisorem
545 1933 1165 2075 coercentemcei

153 2073 299 2128 induceret
326 2073 360 2128 de
387 2073 512 2128 amicitia
528 2023 729 2144 ’disputofftem
754 2092 818 2128 cum
845 2076 962 2144 utroque
986 2047 1105 2145 genero,
1133 2078 1163 2134 C.

154 2143 260 2198 Fannio
279 2145 308 2197 et
327 2143 358 2208 Q.
376 2143 469 2198 Mucio
488 2144 631 2205 Scaevola.
667 2145 729 2200 Hoc
747 2144 835 2226 igitur
853 2162 993 2214 sermone,
1012 2163 1096 2214 quem
1117 2148 1164 2202 Oi-

155 2230 218 2268 cero
236 2213 339 2284 [paucis
363 2213 461 2268 dicbus
488 2216 553 2285 post
574 2217 693 2270 mortem
710 2215 836 2271 Africani
858 2233 930 2271 anno
961 2235 988 2286 p.
1007 2233 1034 2270 u.
1055 2234 1078 2273 o.
1099 2225 1163 2286 625,

154 2285 219 2338 ante
239 2285 301 2340 Chr.
320 2286 377 2339 net.
404 2301 477 2339 enno
502 2292 565 2352 129,
587 2286 716 2340 habitum
733 2285 823 2355 fingit,
841 2286 995 2356 praemisso
1013 2289 1162 2368 prooemio

154 2354 266 2409 Laelius
285 2355 375 2421 docet,
394 2355 462 2423 quid
480 2355 519 2409 cit
536 2355 668 2425 amicitia,
688 2356 788 2426 quibus
807 2357 842 2410 de
861 2356 951 2410 causis
971 2356 1055 2410 amici
1074 2375 1162 2426 quae·

154 2426 263 2490 rentur,
283 2425 382 2494 quibus
402 2425 492 2482 censio
509 2427 635 2482 amicitie
653 2427 844 2493 contrahetur,
871 2427 971 2480 deinde
990 2426 1064 2480 inter
1087 2446 1161 2496 quos

77 2495 80 2502 ’
154 2494 280 2550 amicitia
298 2511 358 2550 esse
376 2496 479 2567 possit,
499 2513 569 2566 quae
588 2497 625 2552 sit
643 2497 783 2552 amicitiae
801 2496 859 2565 lex,
878 2513 949 2565 quac
969 2496 1076 2569 officio,
1095 2501 1159 2568 qui-

154 2565 206 2620 bus
225 2566 344 2634 denique
362 2566 452 2620 modis
470 2569 606 2637 perpetuo
626 2569 811 2624 conservetur.

226 2635 344 2706 Scripsit
362 2638 455 2690 nutem
474 2637 569 2693 Cicero
587 2638 660 2692 hunc
678 2638 807 2692 libellum
824 2640 890 2707 post
913 2637 1047 2692 Catonem
1071 2638 1162 2694 Maio·

154 2722 213 2762 rem
236 2709 272 2777 (v.
295 2705 377 2760 huius
403 2706 469 2760 libri
497 2724 556 2777 cep.
582 2714 595 2763 1
615 2715 630 2774 5
648 2711 677 2778 4)
696 2725 767 2762 anno
787 2707 845 2762 fere
863 2727 890 2778 p.
909 2725 935 2764 u.
956 2725 979 2761 c.
1000 2715 1064 2778 710,
1093 2713 1161 2765 ante

154 2793 238 2846 quam
255 2776 342 2831 libros
361 2777 396 2831 de
415 2776 514 2831 officiis
534 2778 699 2849 conscripsit
717 2778 793 2849 (vide
811 2777 859 2832 lib.
879 2780 905 2833 ΙΙ
924 2794 984 2848 cap.
1004 2785 1020 2833 9
1040 2785 1055 2844 5
1074 2782 1132 2849 31).

120 2997 138 3119 ἒ
220 3024 256 3101 Q.
279 3023 403 3090 Mucius
427 3047 531 3110 augur
556 3026 660 3090 multa
685 3047 818 3090 narrare
846 3025 884 3090 de
912 3025 947 3091 Ο.
970 3026 1082 3092 Laelio
1111 3051 1163 3095 so·

77 3161 81 3170 .
154 3134 226 3177 cero
255 3135 313 3178 suo
340 3113 527 3179 memoriter
554 3117 587 3178 et
615 3113 751 3178 iucunde
775 3114 901 3179 solebat
928 3136 987 3179 neo
1011 3114 1163 3183 dubitare

154 3199 248 3263 illum
261 3201 296 3266 in
310 3201 398 3266 omni
416 3223 562 3266 sermone
577 3202 741 3286 appellare
760 3202 953 3286 sapientem
972 3222 1033 3286 ego
1049 3207 1164 3271 autem

154 3308 175 3349 a
196 3291 290 3370 patre
312 3289 360 3353 ita
378 3311 467 3354 eram
485 3289 638 3354 deductus
658 3289 699 3354 ad
715 3287 904 3354 Scaevolam
923 3295 1054 3374 sumpta
1071 3292 1165 3358 virili

153 3376 247 3458 toga,
268 3379 315 3458 ut,
338 3376 444 3459 quoad
465 3398 595 3462 possem
619 3381 651 3442 et
669 3377 789 3461 liceret,
809 3400 828 3442 a
847 3378 932 3442 senis
951 3379 1053 3443 latere
1070 3401 1166 3446 num·

153 3481 251 3545 quem
275 3463 482 3548 discederem3
510 3464 620 3548 itaque
643 3465 747 3530 multa
770 3466 811 3530 ab
835 3487 873 3530 eo
896 3465 1073 3551 prudenter
1099 3469 1166 3534 (lis-
