2446 3944
470 185 711 249 -417-

83 344 163 408 toris
195 343 277 408 iram
310 342 448 408 oratoris
480 342 631 407 incendat
662 343 756 408 actio.
810 342 926 408 Virum
954 343 1090 428 denique

83 432 186 496 videri
206 434 341 514 negant,
365 430 420 514 qui
441 431 539 495 irasci
560 430 698 512 nesciat,
722 451 868 515 eamque,
891 453 988 515 quam
1011 430 1091 494 leni-
1185 464 1194 479 ·

83 522 185 583 tatem
207 540 266 582 nos
290 518 439 600 dicimus,
461 519 581 584 vitioso
604 519 806 582 lentitudinis
826 519 958 584 nomine
981 519 1090 602 appel-

84 606 164 671 lant.
217 605 285 671 Neo
314 626 389 671 vero
418 607 521 669 solum
548 605 633 671 hanc
663 605 831 670 libidinem
862 607 996 671 laudant
1027 603 1091 690 (est
1108 618 1146 666 44

85 695 172 758 enim
203 694 265 778 ira,
296 696 333 757 ut
364 693 460 758 modo
492 694 634 775 definivi,
666 693 840 759 ulciscendi
871 693 1000 779 libido),
1036 695 1090 759 sed

84 783 191 865 ipsum
209 781 289 846 illud
309 801 410 865 genus
428 781 479 846 rel
502 781 645 846 libidinis
665 783 718 850 vel
736 782 922 864 cupiditatis
947 783 988 846 ad
1007 804 1091 846 sum-

85 892 172 934 mam
203 870 378 934 utilitatem
409 890 478 933 esse
508 868 619 933 dicunt
650 892 670 934 a
698 872 815 934 natura
846 870 971 953 datum,
1007 870 1091 933 nihil

85 958 172 1022 enim
200 978 406 1040 quemquam,
432 956 497 1021 nisi
526 957 611 1040 quod
638 957 762 1041 lubeat,
793 957 959 1041 praeclare
985 957 1091 1021 facere

84 1067 189 1129 posse.
246 1044 356 1109 Noctu
393 1044 581 1108 ambulabat
615 1044 650 1108 in
685 1045 814 1128 publico
850 1044 1091 1128 Themistocles,

84 1155 157 1198 curn
185 1154 334 1198 somnum
357 1153 470 1215 capere
491 1154 559 1196 non
580 1136 703 1215 posset,
732 1132 1021 1216 quaerentibusque
1043 1153 1091 1196 re-

84 1221 265 1304 spondebat
296 1219 455 1284 Miltiadis
493 1220 634 1302 tropaeis
667 1241 700 1284 se
734 1241 751 1283 e
783 1242 896 1285 somno
933 1220 1091 1285 suscitari.

83 1307 145 1373 Oui
162 1330 229 1374 non
247 1311 322 1372 sunt
341 1307 469 1371 auditae
488 1306 717 1372 Demosthenis
736 1307 890 1390 vigiliae?
910 1308 965 1392 qui
984 1307 1091 1373 dolere

84 1418 119 1460 so
142 1396 263 1478 aiebat,
286 1396 315 1459 si
338 1395 464 1478 quando
489 1395 639 1478 opificum
664 1395 855 1460 antelucana
877 1396 981 1461 victus
1006 1399 1092 1460 esset

84 1483 251 1547 industria.
287 1482 518 1565 Philosophiae
536 1482 673 1566 denique
691 1483 793 1566 ipsius
816 1483 977 1567 principes
1000 1505 1092 1547 num-

85 1592 182 1653 quam
204 1571 240 1634 in
263 1570 328 1633 suis
353 1570 467 1634 studiis
495 1573 605 1634 tantos
633 1591 823 1654 progressus
847 1571 916 1634 sine
939 1571 1092 1654 flagranti

85 1657 262 1740 cupiditate
285 1657 390 1721 facere
411 1657 603 1740 potuissent.
647 1657 787 1722 Ultimas
810 1662 914 1722 terras
937 1658 1092 1722 lustrasse

84 1745 311 1828 Pythagoran,
339 1743 574 1827 Democritum,
600 1744 770 1810 Platonem
793 1746 983 1829 accepimus.
1027 1745 1093 1810 Ubi

86 1833 172 1896 enim
196 1831 346 1915 quicquid
365 1836 463 1915 esset,
487 1833 571 1915 quod
594 1833 675 1897 disci
697 1836 821 1917 posset,
845 1855 881 1897 eo
899 1833 1092 1898 veniendum

85 1919 316 1984 iudicaverunt
369 1918 402 1983 N
404 1941 457 1984 um
483 1922 635 2003 putamus
663 1920 743 1986 haec
770 1921 840 1985 fieri
868 1922 936 1985 sine
967 1943 1091 1986 summo

86 2007 209 2090 cupidit
195 2007 273 2070 tatis
297 2006 490 2072 ardoret
432 2029 474 2090 po
476 2007 602 2072 tuisse?

150 2094 260 2177 Ipsam
284 2099 388 2178 aegrrt
364 2095 531 2175 tudinem,
559 2117 655 2179 quam
676 2116 736 2160 nos
760 2099 797 2159 ut
825 2099 966 2160 taetram
989 2097 1053 2159 et
1044 2119 1091 2160 m-

85 2204 212 2246 manem
239 2183 368 2246 beluam
395 2144 582 2267 fugiendam
610 2182 762 2266 diximus,
788 2204 855 2247 non
881 2184 949 2246 sine
972 2143 1145 2267 magna4⁰

84 2271 226 2334 utilitate
242 2273 390 2334 anatura
408 2271 519 2334 dicunt
537 2274 641 2335 constr
632 2271 757 2353 tutam,
775 2275 812 2334 ut
829 2271 977 2334 homines
996 2272 1091 2335 casti·

85 2378 128 2441 ga
128 2358 284 2441 tionibus,
311 2357 666 2441 reprehensionibus,
657 2358 844 2441 rgnominiis
873 2357 967 2422 adfici
995 2381 1028 2422 se
1058 2359 1092 2422 in

85 2444 204 2509 delicto
228 2445 381 2510 dolerent.
417 2445 588 2528 Inpunitas
612 2446 698 2509 enim
719 2450 925 2528 peccatorum
949 2445 1026 2509 data
1047 2446 1093 2509 vi-

86 2533 180 2596 detur
209 2533 268 2615 eis,
297 2533 353 2617 qui
381 2532 595 2618 ignominiam
626 2536 658 2596 et
686 2532 855 2596 infamiam
883 2532 992 2596 ferunt
1024 2534 1092 2596 sine

86 2619 209 2704 dolore3
236 2622 376 2685 morderi
404 2625 453 2684 est
480 2620 595 2684 melius
624 2620 828 2684 conscientia.
877 2619 927 2682 Ex
956 2641 1018 2702 quo
1043 2623 1092 2683 est

84 2707 165 2770 illud
193 2729 210 2770 e
238 2708 305 2772 vita
331 2709 462 2772 ductum
486 2707 525 2771 ab
549 2705 697 2773 Afranio.
741 2707 828 2772 Nam
854 2727 927 2770 cum
954 2707 1092 2770 dissolu-

83 2798 138 2859 tus
161 2795 261 2859 filius:

1101 2066 1145 2130 20

151 2913 233 2980 Heu
256 2938 312 2980 me
336 2917 527 2980 miserum!

83 3060 155 3120 turn
180 3078 307 3120 severus
330 3060 437 3139 pater:

150 3177 246 3242 Dum
265 3180 373 3244 modo
394 3180 524 3244 doleat
543 3180 703 3263 aliquid,
727 3180 858 3246 doleat
881 3175 1090 3262 quidlubet.

83 3319 238 3403 Reliquas
257 3341 381 3403 quoque
403 3321 505 3403 partis
532 3319 742 3405 aegritudinis
766 3318 856 3383 utilis
908 3386 911 3391 ,
994 3319 1001 3332 ’

84 3406 338 3471 misericordiam
356 3407 396 3470 ad
415 3429 509 3489 opem
526 3408 691 3472 ferendam
709 3410 742 3470 et
759 3406 802 3471 ho
840 3404 848 3421 '
891 3404 895 3411 “

83 3516 156 3558 rum
190 3493 391 3557 calamitates
423 3494 649 3580 sublevandas3
681 3496 787 3579 ipsum
813 3492 870 3569 ill¹

159 3604 342 3661 &attentata
356 3605 400 3652 tta
414 3605 530 3660 pullulant.
545 3606 657 3661 &baldea
