2446 3944
491 199 730 265 -555—

107 362 204 443 atque
227 359 347 443 praeda
363 380 459 443 posse
483 379 537 422 eos
565 359 706 424 colendis
731 359 818 443 agris
843 359 1008 425 abundare
1032 380 1118 423 com·

107 447 212 512 modis
245 448 394 512 omnibus
422 468 627 532 amoremque
656 447 702 511 eis
733 447 792 511 otii
815 451 848 512 et
876 448 965 532 pacis
997 448 1118 530 iniecit,

108 536 225 621 quibus
244 536 399 601 facillime
418 536 544 601 iustitia
563 539 596 599 et
614 536 693 600 fides
712 537 916 620 convalescit,
935 539 968 600 et
983 557 1118 620 quorum

106 623 288 708 patrocinio
317 625 456 689 maxime
485 625 590 689 cultus
618 644 769 708 agrorum
794 626 1023 709 perceptioque
1052 624 1118 688 fru-

108 734 184 797 gum
200 712 391 778 defenditur.
415 712 567 796 Idemque
581 711 761 795 Pompilius
777 715 809 776 et
823 713 975 795 auspiciis
990 713 1119 778 maiori·

107 803 169 865 bus
191 801 331 866 inventis
355 801 397 865 ad
418 801 595 885 pristinum
621 823 790 865 numerum
814 800 878 865 duo
902 822 1039 885 augures
1064 801 1119 865 ad-

108 889 190 953 didit
213 893 247 954 et
270 890 369 954 sacris
391 911 408 952 e
426 889 609 972 principum
632 910 766 955 numero
785 889 954 972 pontifices
978 891 1118 975 quinque

106 977 263 1061 praefecit
295 980 327 1042 et
354 978 481 1043 animos
508 977 685 1062 propositis
717 978 844 1062 legibus
875 977 942 1060 his,
975 999 1054 1061 quas
1084 979 1119 1042 in

107 1066 326 1131 monumentis
345 1066 511 1150 habemus,
530 1067 672 1131 ardentis
692 1065 921 1131 consuetudine
946 1069 978 1129 et
996 1065 1119 1149 cupidi-

107 1158 175 1219 tate
194 1155 336 1220 bellandi
354 1155 547 1240 religionum
562 1154 765 1220 caerimoniis
780 1154 944 1239 mitigavit
958 1153 1119 1218 adiunxit-

108 1265 169 1327 que
197 1248 365 1326 praeterea
397 1243 561 1326 flamines,
593 1241 699 1307 Salios
731 1243 937 1328 virginesque
970 1241 1119 1307 Vestales

108 1332 276 1415 omnisque
299 1333 402 1416 partis
425 1332 594 1416 religionis
618 1331 735 1396 statuit
758 1332 971 1396 sanctissime.
1006 1329 1119 1395 Sacro·
1137 1346 1171 1394 2⁷

107 1441 178 1483 rum
203 1423 312 1483 autem
335 1421 481 1504 ipsorum
502 1419 707 1504 diligentiam
730 1419 902 1503 difficilem,
925 1422 1118 1503 apparatum

108 1506 293 1590 perfacilem
318 1529 388 1572 esse
407 1508 522 1590 voluit3
545 1530 621 1573 nam
641 1530 722 1591 quae
744 1508 956 1593 perdiscenda
975 1529 1120 1592 quaeque

107 1596 309 1660 observanda
337 1598 457 1680 essent,
484 1598 589 1661 multa
616 1597 797 1681 constituit,
826 1597 881 1660 sed
909 1618 947 1660 ea
974 1598 1043 1660 sine
1073 1599 1118 1659 in-

107 1705 217 1768 pensa.
263 1682 315 1749 Sic
338 1685 552 1769 religionibus
572 1685 713 1750 colendis
732 1706 864 1768 operam
883 1684 1014 1768 addidit,
1036 1705 1120 1748 sum-

108 1776 179 1836 tum
202 1772 349 1856 removit,
371 1772 520 1858 idemque
539 1777 710 1858 mercatus,
733 1773 825 1837 ludos
847 1793 1021 1856 omnesque
1045 1792 1120 1836 eon-

107 1860 260 1924 veniundi
283 1882 396 1926 causas
420 1865 453 1925 et
476 1862 680 1926 celebritates
704 1862 836 1927 invenit
878 1859 1001 1936 Quibus
1024 1862 1120 1925 rebus

107 1949 267 2013 institutis
287 1949 327 2014 ad
348 1949 586 2015 humanitatem
609 1953 706 2034 atque
729 1949 1007 2014 mansuetudinem
1030 1971 1120 2014 revo-

107 2037 193 2101 cavit
216 2037 342 2102 animos
368 2038 580 2104 hominums
582 2039 682 2104 tudiis
709 2038 852 2103 bellandi
879 2039 945 2103 iam
968 2037 1120 2103 immanis

108 2124 258 2192 a.cferos
305 2126 358 2192 Sic
380 2127 437 2193 ille
460 2150 532 2192 cum
550 2127 851 2213 undequadraginta
870 2149 972 2193 annos
994 2149 1121 2192 summa

107 2214 142 2278 in
164 2227 244 2299 pace
268 2217 503 2301 concordiaque
524 2217 729 2302 regnavisset
746 2215 935 2301 (sequamur
957 2217 1046 2281 enim
1064 2237 1122 2317 pq·

107 2304 270 2367 tissimum
295 2303 469 2387 Polybium
492 2309 649 2388 nostrum,
673 2325 736 2387 quo
759 2325 854 2368 nemo
877 2304 969 2367 fuit
959 2325 994 2366 111
1013 2303 1120 2387 exqui-

107 2389 216 2454 rendis
239 2392 440 2474 temporibus
466 2387 679 2492 diligentior),
703 2391 840 2454 excessit
864 2412 882 2455 e
903 2391 972 2455 vita
938 2391 1120 2455 tduabus

56 2561 59 2567 ζ
107 2478 376 2560 praeclarissimis
409 2479 450 2543 ad
482 2479 551 2543 diut
537 2479 693 2543 turnitate
676 2499 727 2542 em
759 2479 806 2542 rei
844 2478 992 2561 publicae
1023 2478 1120 2544 rebus

107 2566 316 2645 confirmatis,
338 2567 496 2651 religione
520 2570 616 2651 atque
641 2566 820 2631 clementia.
1132 2583 1173 2649 15

175 2653 264 2730 Quae
287 2676 360 2719 cum
383 2653 490 2738 Scipio
514 2654 656 2737 dixisset,
674 2653 810 2739 Verene,
832 2654 939 2737 inquit
957 2653 1120 2739 Manilius,
1138 2688 1173 2737 28

108 2741 169 2807 hoc
196 2743 371 2807 memoriae
397 2743 562 2827 proditum
590 2747 653 2826 est,
682 2742 847 2826 Africane,
879 2763 990 2828 regem
1019 2743 1120 2807 istum

106 2828 249 2895 Numam
276 2830 482 2916 Pythagorae
509 2830 613 2914 ipsius
643 2831 836 2914 discipulum
865 2835 922 2896 aut
949 2833 1034 2895 certe
1057 2830 1120 2915 Py-

107 2918 300 3003 thagoreum
340 2919 462 2985 fuisse?
505 2933 601 3004 saepe
642 2920 728 2984 enim
765 2920 827 2985 hoe
868 2920 907 2984 de
943 2919 1120 2985 maioribus
1163 2940 1165 2943 ’

107 3011 188 3072 natu
211 3007 393 3074 audivimus
417 3013 451 3074 et
476 3009 524 3074 ita
551 3008 772 3094 intellegimus
800 3009 900 3093 vulgo
929 3007 1120 3092 existimari3

107 3117 210 3179 neque
232 3118 309 3162 vero
338 3099 418 3162 satis
446 3098 479 3162 id
507 3097 674 3162 annalium
696 3097 900 3181 publicorum
928 3096 1121 3162 auctoritate

108 3184 308 3248 declaratum
331 3186 485 3250 videmus.
531 3185 614 3251 Tum
638 3184 760 3270 Scipio:
790 3183 923 3250 Falsum
951 3188 1002 3249 est
1025 3185 1121 3269 enim,

107 3270 235 3356 Manili,
264 3273 382 3357 inquit,
415 3274 447 3338 id
479 3276 599 3358 totum,
630 3295 734 3358 neque
767 3274 874 3339 solum
906 3274 1032 3357 fictum,
1065 3274 1121 3338 sed

108 3360 206 3425 etiam
228 3361 379 3446 imperite
407 3363 607 3447 absurdeque
630 3363 755 3447 fictum3
786 3383 823 3427 ea
850 3366 926 3427 sunt
955 3362 1040 3426 enim
1068 3363 1120 3426 de-

107 3472 195 3514 mum
218 3470 285 3515 non
307 3450 438 3515 ferenda
460 3451 495 3515 in
518 3451 698 3535 mendacio,
721 3472 803 3535 quae
825 3473 893 3517 non
916 3451 1021 3516 solum
1044 3452 1122 3515 ficta

107 3558 191 3623 esse,
224 3539 279 3604 sed
306 3560 347 3603 ne
379 3540 448 3604 fieri
480 3540 609 3625 quidem
640 3541 786 3625 potuisse
819 3539 988 3606 cernimus.
1033 3538 1121 3605 Nam
