2446 3944
469 207 621 272 -437
668 239 710 250 -

85 372 245 437 humanus
278 373 385 436 autem
418 371 544 435 animus
576 369 743 452 decerptus
776 389 815 432 ex
845 370 953 432 menta
982 367 1091 434 divina

87 481 160 525 cum
178 459 243 524 alio
261 459 352 524 nullo
369 458 436 522 nisi
454 479 526 523 cum
544 457 615 541 ipso
634 457 706 540 deo,
730 456 758 520 si
775 454 838 520 hoc
855 456 906 520 fas
926 459 976 522 est
994 455 1091 540 dictu,

87 549 267 630 comparari
292 550 411 631 potest.
460 544 524 610 Hic
549 545 651 630 igitur
678 544 707 609 si
733 547 783 609 est
810 544 968 626 excultus,
999 549 1033 609 et
1062 545 1091 610 si
1108 557 1142 606 ae

87 635 155 700 eius
179 634 263 700 acies
290 635 337 699 ita
360 637 472 699 curata
494 635 556 717 est,
583 636 620 698 ut
645 653 686 697 ne
713 635 898 697 caecaretur
919 631 1091 712 erroribus,

86 724 123 786 fit
155 722 321 807 perfecta*
329 742 434 805 mens,
463 721 497 786 id
529 724 579 784 est
610 720 760 786 absoluta
790 719 892 798 ratio,
925 720 1010 804 quod
1041 724 1091 785 est

85 812 170 875 idem
192 811 303 876 virtus.
338 808 397 893 Ilt,
420 809 448 874 si
467 830 562 874 omne
583 808 713 873 beatum
732 811 793 892 est,
816 808 869 873 cui
887 807 971 872 nihil
993 806 1091 894 deest,

87 903 120 962 et
142 898 226 982 quod
248 898 283 964 in
302 919 361 963 suo
385 917 500 982 genere
519 895 683 980 expletum
701 899 799 979 atque
817 896 1013 960 cumulatum
1032 901 1090 981 est,

85 987 182 1070 idque
200 986 328 1050 virtutis
348 988 399 1049 est
420 985 598 1068 proprium,
620 987 705 1050 certe
724 1005 834 1048 omnes
857 984 987 1049 virtutis
1005 1005 1090 1049 eom-

85 1079 179 1158 potes
208 1073 297 1138 beati
326 1075 410 1138 sunt.
461 1071 506 1137 Et
535 1071 598 1137 boo
625 1072 753 1155 quidem
780 1071 862 1136 mihi
888 1092 960 1136 cum
986 1071 1090 1137 Bruto

87 1162 250 1242 convenit,
272 1161 306 1226 id
324 1164 374 1225 est
392 1181 463 1225 cum
480 1160 670 1238 Aristotele,
688 1158 880 1242 Xenocrate,
901 1156 1091 1243 Speusippo,

84 1249 269 1316 Polemone.
305 1246 368 1314 Sed
385 1248 467 1314 mihi
486 1248 636 1313 videntur
658 1248 758 1311 etiam
779 1247 970 1312 beatissimi.
1006 1247 1090 1324 Quid
1108 1259 1143 1308 40

86 1338 171 1401 enim
198 1338 288 1403 deest
315 1336 356 1402 ad
382 1337 477 1401 beate
502 1335 673 1401 vivendum
701 1335 744 1418 ei,
775 1336 830 1420 qui
861 1336 993 1401 confidit
1025 1337 1091 1401 suis

86 1425 201 1488 bonis?
230 1428 299 1507 aut,
326 1425 381 1509 qui
404 1423 533 1506 diffidit,
560 1424 675 1488 beatus
699 1444 769 1488 esse
792 1423 848 1506 qui
870 1422 1000 1507 potest?
1045 1424 1091 1488 At

86 1512 211 1576 diffidat
231 1533 363 1577 neeesse
385 1514 447 1595 est,
474 1511 530 1596 qui
556 1513 642 1578 bona
670 1510 785 1576 dividit
810 1511 983 1594 tripertito.
1029 1512 1091 1589 Qui
1102 1509 1144 1572 14

87 1599 171 1663 enim
198 1600 320 1682 poterit
348 1602 404 1663 ant
431 1599 572 1682 corporis
594 1599 748 1663 firmitate
771 1601 829 1664 aut
854 1600 1003 1664 fortunae
1027 1603 1091 1664 sta·

86 1687 214 1752 bilitate
237 1685 416 1751 confidere?
460 1687 563 1771 Atqui
585 1686 652 1772 nisi
680 1686 790 1751 stabili
818 1690 851 1750 et
877 1689 940 1752 fixo
965 1691 996 1752 et
1020 1709 1091 1770 per-

87 1777 237 1839 manente
267 1775 348 1839 bono
375 1776 489 1840 beatus
517 1795 586 1839 esse
612 1796 707 1840 nemo
733 1777 850 1858 potest.
900 1774 985 1851 Quid
1014 1796 1105 1861 ergo>

87 1863 154 1926 eius
178 1862 267 1927 modi
288 1862 426 1927 istorum
449 1861 520 1927 est?
543 1866 580 1927 ut
602 1863 684 1926 mihi
706 1861 843 1927 Laconis
867 1863 948 1927 illud
971 1864 1091 1928 dietum

86 1950 121 2014 in
139 1950 198 2014 hos
218 1951 330 2014 eadere
348 1950 502 2034 videatur,
521 1951 576 2035 qui
593 1951 749 2036 glorianti
768 1950 895 2015 cuidam
911 1954 1093 2038 mercatori,

88 2036 174 2121 quod
196 2038 314 2102 multas
337 2038 430 2103 navis
456 2038 492 2102 in
515 2060 642 2103 omnem
665 2060 755 2103 oram
778 2039 976 2104 maritimam
1001 2040 1091 2105 dimi·

87 2125 195 2209 sisset,
219 2124 317 2192 ‘Non
341 2147 433 2191 sane
455 2127 643 2209 optabilis
668 2127 747 2190 ista
770 2125 950 2210 quidem’,
977 2128 1092 2212 inquit,

87 2213 330 2278 ‘rudentibus
354 2217 445 2296 apta
466 2213 643 2279 fortuna'
688 2213 740 2279 An
767 2215 900 2280 dubium
923 2218 985 2298 est,
1013 2217 1092 2301 quin

85 2301 169 2365 nihil
188 2301 233 2366 sit
254 2301 438 2367 habendum
455 2301 488 2366 in
508 2323 546 2366 eo
570 2322 699 2387 genere,
723 2325 785 2387 quo
803 2304 872 2367 vita
892 2303 989 2367 beata
1006 2325 1092 2368 com-

86 2388 226 2473 pleatur,
245 2390 273 2454 si
291 2390 324 2454 id
341 2390 447 2472 possit
464 2389 594 2454 amitti?
633 2389 725 2456 Nihil
745 2390 832 2454 enim
853 2390 1092 2474 inteteressem,

76 2476 169 2539 nihil
196 2477 352 2562 extingui,
383 2477 466 2541 nihil
494 2477 607 2542 eadere
634 2478 729 2542 debet
756 2499 879 2560 eorum,
910 2478 945 2542 in
975 2479 1090 2562 quibus

85 2564 155 2629 vita
181 2564 278 2629 beata
305 2565 463 2629 consistit.
512 2563 599 2630 Nam
625 2565 680 2649 qui
706 2565 850 2643 timebit,
880 2586 921 2629 no
949 2565 1025 2649 quid
1052 2587 1091 2630 ex

84 2650 136 2715 his
160 2651 327 2736 deperdat,
348 2653 462 2718 beatus
482 2673 636 2717 essenon
658 2653 788 2736 poterit.
806 2693 814 2706 κ»
823 2652 981 2718 Volumus
1005 2653 1090 2717 enim
1109 2664 1142 2714 41

86 2761 172 2823 eum,
209 2740 264 2823 qui
300 2741 415 2805 beatus
448 2740 504 2823 sit,
539 2743 647 2804 tutum
678 2761 760 2822 esse,
796 2740 1092 2824 inexpugnabilem,

86 2831 233 2910 saeptum
261 2830 357 2911 atquo
384 2828 557 2911 mimitum,
588 2849 654 2892 non
684 2830 722 2892 ut
752 2849 852 2911 parvo
880 2832 967 2893 metu
998 2849 1091 2912 prae·

86 2914 172 2979 ditus
196 2916 252 2998 sit,
276 2915 331 2979 sed
353 2918 390 2980 ut
410 2914 510 2981 nullo.
555 2914 601 2980 Ut
625 2915 710 2979 enim
739 2915 893 2980 innocens
916 2915 944 2979 is
967 2916 1091 2999 dicitur,

84 3024 150 3066 non
177 3003 233 3086 qui
260 3003 376 3068 leviter
401 3006 508 3088 nocet,
536 3003 593 3068 sed
619 3003 673 3087 qui
699 3003 781 3067 nihil
808 3005 916 3084 nocet,
943 3004 989 3067 sic
1022 3004 1091 3069 sine

84 3093 173 3154 metu
196 3091 224 3155 is
247 3091 412 3156 habendus
437 3094 499 3176 est,
521 3113 586 3155 non
610 3091 665 3175 qui
687 3113 789 3174 parva
807 3091 934 3168 metuit,
958 3090 1013 3156 sed
1035 3093 1092 3176 qui

85 3177 217 3244 omnino
249 3183 338 3243 metu
369 3181 471 3243 vacat.
526 3178 615 3255 Quae
643 3182 693 3243 est
720 3178 804 3242 enim
837 3178 902 3243 alia
933 3177 1092 3249 fortitudo

84 3266 148 3329 nisi
175 3266 275 3330 animi
303 3266 442 3331 adfectio
469 3288 542 3332 cum
573 3267 606 3331 in
640 3266 784 3331 adeundo
815 3265 960 3349 periculo
992 3271 1029 3333 et
1057 3266 1066 3285 ⁶

84 3353 194 3417 labore
217 3375 254 3418 ao
278 3353 389 3417 dolore
410 3354 551 3438 patiens,
578 3357 649 3418 tum
671 3355 782 3438 procul
805 3355 846 3419 ab
870 3354 958 3420 omni
980 3376 1032 3422 me

84 3439 190 3524 Atque
221 3441 301 3505 haec
334 3443 418 3505 certe
448 3463 515 3506 non
545 3442 593 3507 ita
625 3464 659 3507 so
692 3443 864 3526 haberent,
895 3442 960 3508 nisi
995 3254 1169 3703 οἵ

83 3528 204 3593 bonum
225 3528 260 3592 in
277 3550 343 3594 una
365 3528 535 3594 honestate
554 3530 753 3596 consisteret.
790 3529 852 3606 Qui
871 3530 1023 3598 autemil
