2446 3944
529 180 770 247 -258-

148 345 247 410 fuisse
269 341 418 426 Ulixem,
441 342 469 407 si
490 343 525 407 in
546 342 607 407 illa
628 342 836 408 simulatione
858 343 1159 426 perseveravisset‘?

34 475 36 479 -
149 433 299 517 quicum
322 431 479 496 maximas
506 452 559 496 res
587 430 726 517 gesserit
747 431 782 495 in
808 430 910 515 bello,
936 434 1047 496 tamen
1073 431 1159 497 haec

149 519 260 584 audiat
282 519 323 584 ab
347 519 461 584 Aiace:

193 604 312 672 Cuius
334 603 422 691 ipse
444 605 624 690 princeps
646 605 747 671 iuris
769 603 930 671 iurandi
949 605 1041 690 fuit,

193 692 298 769 Quod
320 694 452 757 omnes
476 693 603 777 scitis,
626 695 734 758 solus
756 691 933 778 neglexit
955 693 1087 779 fidem3

192 781 336 845 Furere
359 780 603 864 assimulare,
625 784 671 846 ne'
694 781 834 864 coiret,
856 779 1019 847 institit.

193 865 346 945 Quodni
365 867 564 933 Palamedi
585 869 791 953 perspicax
813 869 1019 954 prudentia

192 955 317 1021 Istius
339 959 546 1041 percepset
568 956 808 1021 malitiosam
835 956 1050 1041 audaciam,

192 1045 284 1111 Fide'
308 1048 485 1109 sacratae
507 1044 566 1108 iris
589 1047 776 1128 perpetuo
798 1044 971 1110 falleret.

94 1153 129 1202 aa
147 1132 203 1198 Illi
224 1155 301 1198 vero
324 1155 391 1197 non
413 1133 508 1196 modo
531 1153 604 1197 eum
626 1132 790 1215 hostibuS,
816 1154 927 1198 verum
951 1133 1050 1198 etiam
1078 1156 1155 1200 cum

148 1221 312 1304 fluctibus,
341 1220 375 1283 id
402 1220 487 1302 quod
513 1218 599 1303 fecit,
631 1220 784 1285 dimicare
811 1220 927 1285 melius
959 1221 1022 1286 fuit
1055 1244 1155 1305 quam

149 1310 295 1374 deserere
318 1307 571 1373 consentientem
594 1305 762 1373 Graeciam
791 1309 831 1372 ad
853 1309 975 1374 bellum
1002 1310 1155 1375 barbaris

149 1396 357 1461 inferendum.
390 1393 453 1460 Sed
476 1395 664 1461 omittamus
688 1399 720 1459 et
741 1395 871 1461 fabulas
895 1400 928 1460 et
946 1401 1091 1480 externa3
1111 1399 1156 1463 ad

149 1506 218 1549 rem
236 1484 358 1549 factam
378 1487 587 1567 nostramque
606 1483 782 1548 veniamus
808 1484 851 1549 M.
865 1484 987 1550 Atilius
1006 1485 1155 1570 Regulus

149 1595 222 1637 cum
245 1572 356 1637 consul
378 1572 496 1635 iterum
518 1572 554 1634 in
576 1570 688 1636 Africa
711 1594 749 1636 ex
772 1573 898 1636 insidiis
925 1576 1038 1657 captus
1066 1578 1156 1637 esset

149 1661 227 1725 duce
240 1659 430 1743 Xanthippo
444 1659 707 1743 Lacedaemonio,
725 1659 922 1744 imperatore
936 1664 1044 1725 autem
1057 1665 1155 1745 patre

30 1812 37 1826 ,
147 1748 342 1813 Hannibalis
364 1746 559 1830 Hamilcare,
581 1747 706 1811 iuratus
725 1748 843 1813 missus
867 1752 916 1813 est
935 1749 975 1814 ad
994 1752 1155 1834 senatum,

148 1839 200 1919 ut,
223 1835 287 1898 nisi
309 1835 426 1899 redditi
449 1839 557 1899 essent
579 1833 696 1899 Poenis
720 1836 841 1919 captivi
862 1837 988 1901 nobiles
1012 1837 1155 1922 quidam,

148 1923 268 1988 rediret
294 1923 364 2008 ipse
392 1921 631 2008 Carthaginem.
675 1921 709 1986 Is
737 1945 810 1987 cum
836 1925 974 1989 Romam
999 1925 1155 2010 uenisset,

149 2011 302 2076 utilitatis
327 2011 465 2095 speciem
486 2010 632 2094 uidebat,
659 2010 715 2075 sed
743 2033 828 2095 eam,
858 2015 896 2076 ut
923 2033 975 2075 res
999 2011 1155 2097 declarat,

148 2100 266 2164 falsam
288 2099 455 2181 iudicavit3
488 2120 569 2182 quae
591 2101 663 2162 erat
689 2099 780 2163 talis:
812 2119 941 2163 manere
970 2098 1004 2161 in
1031 2100 1154 2184 patria,

150 2210 219 2252 esse
243 2187 351 2252 domui
374 2208 450 2250 suae
473 2208 546 2250 oum
568 2207 680 2270 uxore,
703 2208 776 2251 oum
798 2186 922 2268 liberis,
945 2207 1043 2268 quam
1066 2186 1153 2250 cala-

149 2276 297 2339 mitatem
320 2273 497 2357 accepisset
518 2274 554 2337 in
575 2274 673 2357 bello,
696 2295 897 2338 communem
913 2272 1063 2338 fortunae
1084 2274 1155 2339 bel-

149 2362 230 2426 licae
252 2362 447 2426 iudicantem
469 2365 578 2425 tenere
602 2362 781 2426 consularis
811 2361 981 2448 dignitatis
1005 2362 1154 2446 gradum.

150 2448 227 2525 Quis
246 2449 325 2513 haec
343 2453 442 2533 negat
461 2471 530 2521 esse
549 2449 664 2514 utilia?
689 2471 785 2534 quem
803 2451 935 2515 censes?
958 2450 1153 2536 Magnitudo

150 2537 250 2601 animi
273 2540 305 2600 et
326 2536 483 2601 fortitudo
507 2541 614 2623 negat.

96 2605 138 2669 27
215 2624 303 2690 Num
325 2625 553 2708 locupletiores
576 2624 704 2708 quaeris
727 2626 898 2690 auctores?
920 2624 1046 2689 Harum
1064 2626 1154 2692 enim

97 2683 200 2778 100est
215 2714 373 2778 virtutum
386 2713 553 2797 proprium
567 2713 650 2776 nihil
661 2713 877 2797 extimescere,
887 2713 996 2778 omnia
1009 2713 1155 2779 humana

150 2801 324 2886 despicere,
350 2800 446 2884 nihil,
473 2800 559 2884 quod
581 2800 705 2864 homini
728 2801 871 2864 accidere
893 2801 1011 2885 possit,
1038 2801 1153 2867 intole-

147 2890 284 2954 randum
306 2891 430 2973 putare.
465 2887 580 2972 ltaque
603 2888 679 2971 quid
700 2887 799 2952 feeit?
825 2887 865 2952 In
887 2893 1035 2953 senatum
1053 2890 1154 2974 venit,

148 2977 302 3042 mandata
329 2975 490 3059 exposuit,
522 2976 716 3039 sententiam
744 2997 785 3040 ne
817 2976 950 3060 diceret,
980 2978 1154 3062 recusavit,

72 2978 96 3221 v
149 3086 246 3149 quam
269 3063 323 3127 diu
350 3064 419 3128 iure
446 3063 580 3127 iurando
608 3063 752 3128 hostium
782 3066 958 3147 teneretur,
988 3086 1054 3129 non
1081 3087 1154 3130 esse

149 3174 182 3216 se
199 3155 389 3216 senatorem.
420 3151 527 3235 Atque
540 3151 623 3215 illud
636 3151 735 3216 etiam
751 3147 799 3238 (‘o
814 3153 952 3216 stultum
965 3152 1156 3237 hominem’,

149 3238 265 3302 dixerit
279 3239 449 3323 quispiam,
463 3239 508 3303 ‘et
520 3243 754 3324 repugnantem
768 3239 905 3304 utilitati
919 3239 1046 3326 suael'),
1061 3241 1153 3305 reddi

148 3326 294 3410 captivos
319 3327 453 3412 negavit
480 3349 549 3392 esse
576 3328 670 3411 utile3
703 3327 779 3391 illos
812 3328 897 3392 enirn
929 3328 1152 3394 adulescentes

148 3434 218 3477 esse
237 3417 270 3478 et
288 3414 390 3479 bonos
406 3415 509 3500 duces,
529 3437 563 3480 se
576 3415 642 3480 iam
657 3415 839 3480 confectum
853 3419 1025 3482 senectute.
1051 3415 1153 3482 Cuius

248 3501 406 3567 ualuisset
438 3503 629 3590 auotoritas,
660 3503 782 3588 captivi
810 3504 928 3569 retenti
960 3507 1048 3588 sunt,
1080 3504 1154 3588 ipse

72 3555 88 3596 1.
