2446 3944
465 209 705 275 -145-

83 395 286 458 quacumque
304 375 439 440 ratione.
466 373 505 440 Id
528 379 635 439 autem
652 379 781 440 tantum
800 376 894 441 abest
912 376 953 441 ab
974 375 1089 462 officio,

83 467 122 527 11
142 461 225 526 nihil
249 463 355 548 magis
378 462 484 527 officio
507 462 612 546 possit
635 485 705 527 esso
730 464 936 528 eontrarium.
972 462 1089 528 Viden-

84 551 162 614 dum
184 553 234 614 est
256 549 368 635 igitur,
389 553 427 614 ut
450 572 488 615 ea
510 550 706 615 liberalitate
724 555 861 635 utamur,
885 573 967 635 quae
984 553 1090 637 prosit

84 637 212 720 amieis,
238 641 355 702 noceat
377 638 507 702 nemini.
551 637 656 713 Quare
678 637 714 702 L.
737 636 859 722 Sullae,
883 638 1089 711 O.‚Caesaris

83 725 292 810 pecuniarum
314 726 488 790 translatio
512 748 532 790 a
552 725 646 790 iustis
665 725 803 791 dominis
823 727 865 791 ad
882 728 1005 792 alienos
1023 749 1090 792 non

84 813 181 878 debet
206 813 352 878 liberalis
378 813 493 896 videri3
523 813 607 878 nihil
635 817 686 878 est
713 814 798 878 enim
825 815 974 899 liberale,
1003 815 1089 900 quod
1119 811 1121 816 ’

83 922 152 967 111
172 900 259 965 idem
280 901 412 966 iustum.
456 900 552 965 Alter
574 902 664 967 loeus
688 905 758 966 erat
780 903 951 986 cautionis,
973 925 1013 966 ne
1035 904 1088 967 be·
1107 919 1142 967 41

83 988 229 1074 nignitas
249 989 353 1054 maior
376 992 462 1054 esset
484 1011 581 1073 quam
602 989 784 1073 facultates,
808 992 902 1074 quod,
925 991 980 1074 qui
1001 990 1089 1055 beni·

86 1077 215 1162 gniores
238 1077 353 1142 volunt
376 1098 455 1159 esse,
482 1099 579 1160 quam
601 1099 652 1142 res
674 1078 808 1162 patitur,
830 1078 971 1161 primum
993 1077 1028 1141 in
1051 1099 1088 1142 eo

84 1167 233 1248 peooant,
261 1165 347 1248 quod
368 1164 517 1228 iniuriosi
540 1169 616 1229 sunt
637 1165 672 1230 in
693 1166 873 1250 proximos,
900 1187 980 1249 quas
1004 1165 1089 1229 enim

84 1252 195 1336 copias
217 1251 269 1316 his
293 1256 325 1316 et
349 1251 549 1337 suppeditari
571 1253 703 1336 aequius
727 1257 776 1317 est
800 1256 833 1317 et
855 1252 1006 1336 relinqui,
1035 1274 1089 1316 eas

83 1340 287 1405 transferunt
302 1340 343 1405 ad
358 1341 491 1406 alienos.
526 1339 616 1404 Inest
635 1343 742 1405 autem
760 1341 795 1405 in
812 1340 874 1404 tali
892 1340 1089 1405 liberalitate

83 1427 245 1511 cupiditas
262 1428 452 1513 plerumque
470 1427 615 1511 rapiendi
634 1431 667 1491 et
682 1426 844 1492 auferendi
858 1449 916 1511 per
929 1427 1090 1511 iniuriam,

84 1518 123 1581 ut
140 1514 181 1579 ad
199 1516 403 1601 largiendum
422 1519 597 1600 suppetant
615 1515 734 1598 copiae.
765 1513 883 1579 Videre
901 1516 999 1579 etiam
1013 1516 1089 1580 licet

83 1604 257 1687 plerosque
269 1607 417 1669 nontam
431 1608 549 1668 natura
561 1602 712 1667 liberales
723 1624 820 1685 quam
831 1602 970 1685 quadam
985 1603 1089 1688 gloria

85 1691 209 1775 ductos,
230 1694 269 1756 ut
290 1691 424 1757 benefici
446 1691 624 1774 videantur,
646 1690 752 1755 faeere
775 1691 888 1773 multa,
914 1712 995 1774 quae
1017 1713 1110 1774 pro-·

83 1778 185 1843 ficisei
203 1778 245 1842 ab
262 1780 479 1844 ostentatione
497 1778 603 1864 magis
622 1799 720 1861 quam
738 1800 758 1842 a
775 1779 944 1843 voluntate
963 1778 1089 1843 videan-

84 1870 148 1932 tur.
193 1865 282 1931 Talis
311 1871 419 1932 autem
447 1866 612 1932 simulatio
641 1865 780 1936 vanitati
806 1869 857 1930 est
890 1865 1090 1932 coniunctior

85 1975 184 2036 quam
207 1958 264 2019 aut
285 1954 477 2019 liberalitati
500 1958 556 2020 aut
573 1953 746 2019 honestati.
783 1952 928 2018 Tertium
947 1958 996 2018 est
1016 1975 1088 2037 pro·
1107 1968 1141 2017 45

85 2042 243 2125 positum,
270 2045 308 2107 11
334 2043 370 2108 in
395 2042 606 2107 beneficentia
633 2041 768 2106 dilectus
797 2044 883 2105 esset
906 2041 1089 2125 dignitatis3

85 2129 121 2192 in
143 2150 207 2213 quo
231 2132 264 2194 et
286 2151 392 2195 mores
416 2131 484 2195 eius
507 2133 601 2194 erunt
624 2129 799 2213 spectandi,
821 2129 856 2193 in
879 2150 974 2212 quem
996 2130 1090 2193 bene-

85 2215 195 2281 ficium
214 2217 404 2302 conferetur,
418 2221 451 2282 et
469 2217 595 2282 animus
610 2238 687 2302 erga
700 2238 759 2281 nos
779 2219 812 2280 11
826 2217 1039 2281 communitas
1054 2238 1090 2281 ae

85 2305 226 2370 societas
249 2305 336 2371 vitae
355 2310 387 2370 et
410 2306 451 2370 ad
468 2309 598 2370 nostras
618 2304 778 2369 utilitates
798 2304 905 2369 officia
924 2307 1000 2368 aute
1019 2327 1091 2368 oon-

86 2392 169 2475 lata,
186 2414 267 2475 quae
282 2397 318 2458 ut
338 2395 531 2458 concurrant
550 2392 670 2474 omnia,
686 2391 830 2475 optabile
844 2396 910 2474 est3
933 2392 1090 2475 siminus,

85 2480 196 2565 plures
221 2502 335 2546 causae
358 2481 558 2563 maioresque
581 2479 731 2564 ponderis
754 2479 828 2563 plus
851 2479 1026 2543 habebunt.

154 2566 313 2642 Quoniam
336 2572 443 2633 autem
466 2567 587 2633 vivitur
607 2588 674 2631 non
694 2588 766 2631 cum
784 2566 935 2650 perfectis
953 2545 1143 2670 homini-142

86 2655 149 2719 bus
166 2655 325 2739 planeque
344 2655 552 2740 sapientibus,
575 2654 631 2718 sed
649 2674 721 2718 oum
739 2653 789 2735 iis,
811 2654 847 2718 in
865 2653 981 2737 quibus
999 2676 1089 2737 prae-

86 2742 175 2808 clare
198 2744 305 2829 agitur
328 2743 357 2808 si
379 2746 455 2808 sunt
478 2742 651 2806 simulacra
672 2739 818 2822 virtutis,
840 2741 939 2804 etiam
961 2739 1023 2805 hoe
1045 2741 1091 2802 in-

86 2830 307 2915 tellegendum
325 2834 414 2916 puto,
431 2830 594 2895 neminem
612 2827 743 2893 omnino
763 2847 833 2890 esse
846 2825 1091 2911 neglegendum,

85 2918 121 2982 in
144 2938 208 3001 quo
232 2918 341 3001 aliqua
364 2918 557 3003 significatio
580 2915 711 2984 virtutis
736 2917 900 2999 appareat,
923 2913 1091 2977 solendum

86 3008 197 3071 autem
220 3027 290 3069 1111
312 3006 360 3069 ita
383 3026 540 3088 quemque
563 3002 711 3085 maxime,
735 3006 773 3066 ut
796 3001 930 3085 quisque
953 3001 1091 3065 maxime

85 3093 263 3158 virtutibus
286 3093 338 3156 his
360 3093 538 3157 lenioribus
562 3091 624 3156 erit
647 3093 793 3174 omatus,
818 3089 991 3172 modestia,
1012 3093 1093 3154 tem·

85 3181 249 3265 perantia,
280 3180 341 3244 hae
372 3181 457 3264 ipsa,
491 3180 529 3244 de
562 3201 625 3262 qua
656 3179 761 3242 multa
791 3177 857 3241 iam
889 3176 975 3242 dicta
1008 3180 1110 3264 sunt,

85 3268 222 3333 iustitia.
267 3267 353 3333 Nam
378 3267 474 3332 fortis
507 3267 632 3332 animus
665 3269 698 3330 et
729 3285 866 3349 magnus
896 3265 931 3328 in
961 3265 1093 3331 homine

84 3378 153 3420 non
179 3355 322 3440 perfeeto
349 3376 408 3420 nee
439 3354 583 3439 sapiente
613 3353 790 3419 ferventior
816 3352 1005 3437 plerumque
1033 3357 1093 3438 est,

85 3444 165 3507 illae
188 3444 325 3508 virtutes
347 3443 469 3508 bonum
491 3443 597 3509 virum
619 3441 769 3508 videntur
790 3439 900 3528 potius
921 3441 1065 3528 attinger

86 3531 196 3615 Atque
218 3532 298 3596 haee
320 3531 356 3595 in
377 3530 531 3598 moribus.

148 3638 330 3691 1111111111,
345 3636 390 3681 llic.
404 3633 519 3688 11111111.
533 3630 647 3686 (inritet.
