2446 3944
463 182 703 248 -487-

82 363 120 406 ea
146 340 323 405 fortuitane
353 339 418 404 sint
447 362 490 404 an
516 362 553 405 eo
582 343 684 424 statu,
700 347 702 353 '
717 363 779 424 quo
803 341 972 407 cohaerere
993 339 1084 406 nullo

82 428 177 495 modo
207 427 372 512 potuerint
398 427 463 492 nisi
489 449 586 494 sensu
609 429 795 494 moderante
819 430 989 514 divinaque
1012 452 1085 515 pro·

81 516 233 581 videntia.
287 513 322 580 Si
353 515 455 601 igitur
487 517 623 580 meliora
654 520 730 581 sunt
762 538 813 600 ea,
845 539 927 600 quae
956 522 1084 600 natura,
1203 515 1204 518 ’

83 625 179 687 quam
211 604 282 687 illa,
315 625 396 687 quae
428 607 498 668 arte
527 603 671 689 perfecta
698 607 787 687 sunt,
808 625 877 694 ¹neo
904 627 956 670 ars
985 605 1085 670 efficit

35 675 44 703 ⁸
84 692 255 776 quicquam
277 690 346 755 sine
369 692 503 774 ratione,
524 712 566 756 ne
587 696 707 756 natura
729 691 858 775 quidem
879 693 1015 757 rationis
1034 715 1085 757 ex·

82 801 157 863 pers
185 782 234 843 est
260 779 416 844 habenda.
462 779 525 854 Qui
550 780 652 865 igitur
679 780 841 863 convenit,
873 780 1002 864 signum
1029 783 1085 846 aut

84 866 231 931 tabulam
257 867 378 951 pictam
405 889 477 932 cum
504 868 680 952 aspexeris,
710 867 790 932 scire
814 867 993 932 adhibitam
1016 889 1086 932 esse

84 958 200 1038 artem,
233 977 367 1038 cumque
398 956 511 1040 procul
543 977 671 1020 cursum
702 955 826 1040 navigii
856 955 989 1039 videris,
1020 977 1086 1020 non

84 1042 244 1125 dubitare,
275 1043 352 1126 quin
381 1043 414 1107 id
441 1043 567 1107 rationo
596 1047 693 1126 atque
717 1045 787 1107 arte
810 1046 991 1126 moveatur,
1021 1045 1086 1126 aut,

84 1153 157 1195 cum
179 1130 334 1194 solarium
352 1131 404 1194 vel
423 1130 612 1215 discriptum
630 1133 683 1196 vel
702 1153 740 1195 ex
759 1152 843 1214 aqua
861 1129 1085 1213 contemplere,

83 1218 271 1303 intellegere
299 1218 456 1283 declarari
484 1219 582 1283 horas
610 1221 692 1302 arte,
719 1240 785 1282 non
812 1240 901 1302 casu,
931 1217 1086 1282 mundum

84 1309 207 1389 autem,
238 1306 293 1389 qui
322 1309 355 1369 ot
383 1306 443 1370 has
470 1306 558 1391 ipsas
587 1310 673 1370 artes
700 1309 734 1370 et
757 1327 867 1370 earum
890 1305 1029 1371 artifices
1053 1310 1086 1371 et

84 1397 199 1458 cuncta
222 1394 451 1478 conplectatur,
475 1393 601 1458 consilii
624 1397 657 1457 et
678 1393 814 1458 rationis
834 1415 903 1458 esse
922 1397 1085 1479 expertem

82 1481 219 1565 putare?
252 1478 374 1555 Quodsi
390 1481 425 1544 in
443 1478 609 1564 Scythiam
628 1484 684 1545 aut
701 1481 737 1544 in
749 1479 954 1545 Britanniam
973 1481 1086 1566 sphae-
1104 1496 1140 1546 88

84 1589 155 1632 ram
174 1567 291 1650 aliquis
309 1568 423 1632 tulerit
441 1569 532 1652 hanc,
552 1590 650 1652 quam
666 1590 769 1653 nuper
785 1568 957 1633 familiaris
974 1572 1086 1633 noster

84 1655 188 1720 effecit
215 1654 420 1740 Posidonius,
452 1656 541 1721 cuius
574 1656 722 1742 singulae
750 1657 974 1722 conversiones
1000 1655 1086 1721 idern

84 1742 228 1808 efficiunt
254 1744 288 1807 in
315 1743 384 1807 sole
411 1747 444 1808 et
471 1744 506 1807 in
532 1744 610 1808 luna
637 1747 669 1808 et
692 1744 727 1808 in
749 1744 888 1828 quinque
912 1744 1016 1808 stellis
1040 1765 1087 1808 er·

83 1831 245 1915 rantibus,
278 1832 363 1914 quod
395 1831 533 1896 efficitur
564 1831 600 1895 in
631 1832 720 1908 caelo
750 1832 885 1917 singulis
913 1831 1025 1897 diebus
1054 1835 1087 1896 et

82 1918 242 2001 noctibus,
262 1919 333 2002 quis
352 1919 387 1983 in
403 1920 462 1984 illa
479 1919 633 1984 barbaria
651 1919 786 2003 dubitet,
805 1919 883 2003 quin
896 1941 935 1984 ea
948 1920 1087 2005 sphaera

83 2007 127 2070 sit
153 2006 297 2091 perfecta
327 2007 475 2073 ratione?
520 2007 565 2073 Hi
592 2012 701 2072 autem
723 2006 874 2072 dubitant
897 2007 934 2072 de
957 2008 1086 2092 mundo,
1096 2009 1140 2077 35

83 2115 122 2158 ex
151 2116 214 2178 quo
244 2098 277 2159 et
307 2095 454 2159 oriuntur
482 2100 515 2182 et
540 2096 623 2160 fiunt
650 2095 772 2181 omnia,
804 2118 921 2161 casune
950 2095 1020 2181 ipse
1043 2096 1086 2160 sit

83 2183 215 2248 effectus
248 2186 304 2247 aut
335 2183 528 2249 necessitate
556 2183 665 2268 aliqua
692 2205 734 2248 an
760 2183 886 2248 ratione
915 2206 952 2249 ac
978 2187 1086 2249 mente

83 2271 203 2354 divina,
236 2275 269 2335 et
295 2271 522 2337 Archimedem
551 2271 751 2337 arbitrantur
781 2273 857 2356 plus
884 2271 1025 2336 valuisse
1052 2272 1087 2335 in

82 2358 248 2422 imitandis
275 2359 432 2442 sphaerae
460 2359 721 2424 conversionibus
750 2380 847 2443 quam
873 2361 1025 2422 naturam
1051 2359 1087 2421 in

84 2443 271 2528 efficiendis,
304 2447 494 2528 praesertim
521 2468 594 2510 cum
620 2447 733 2510 multis
759 2446 907 2530 partibus
936 2445 1002 2508 sint
1028 2444 1086 2507 illa

83 2532 226 2616 perfecta
258 2553 355 2614 quam
386 2533 465 2597 haec
497 2533 650 2597 simulata
676 2532 850 2598 sollertius.
899 2529 1003 2615 Atqui
1029 2530 1086 2595 ille
1104 2553 1139 2603 89

84 2619 169 2703 apud
187 2618 323 2683 Accium
344 2623 466 2703 pastor,
489 2620 545 2703 qui
566 2641 682 2684 navem
701 2639 878 2702 numquam
898 2621 973 2682 ante
991 2617 1086 2682 vidis-

84 2711 143 2790 set,
165 2711 202 2771 ut
224 2707 336 2792 procul
360 2706 503 2771 divinum
526 2711 559 2771 et
580 2728 701 2771 novum
721 2707 902 2772 vehiculum
918 2705 1087 2790 Argonau-

83 2798 192 2859 tarum
220 2797 369 2859 emonte
393 2795 572 2879 conspexit,
596 2795 701 2879 primo
726 2794 888 2859 admirans
912 2796 945 2857 et
966 2795 1088 2878 perter-

85 2881 167 2948 ritus
191 2882 253 2947 hoo
276 2883 371 2947 modo
395 2883 550 2966 loquitur:

549 2970 672 3034 Tauta
694 2970 814 3034 moles
837 2968 986 3033 labitur

126 3057 384 3123 Fremibunda
403 3080 446 3122 ex
465 3058 546 3122 alto
565 3057 718 3143 inge‘nti
736 3057 867 3122 sonitu
883 3059 920 3121 et
935 3053 1088 3141 spiritu.

126 3145 222 3210 Prae
246 3168 285 3210 se
307 3147 428 3210 dndas
451 3145 589 3230 volvit,
611 3145 782 3210 vertices
805 3146 842 3210 vi
865 3144 1046 3230 sdscitat,

127 3233 220 3298 Ruit
242 3235 439 3318 prolapsa,
461 3233 622 3319 pe'lagus
645 3231 856 3319 respergit,
879 3233 1007 3296 reflat.
1052 3244 1055 3249 '

127 3321 188 3386 Ita
207 3321 291 3385 dum
309 3320 570 3404 interruptum
589 3322 721 3387 credas
736 3322 910 3387 'nimbum
924 3319 1031 3387 volvi

126 3408 223 3473 Dum
246 3410 345 3493 qudd
368 3409 534 3474 sublime
556 3410 685 3475 ventis
709 3410 908 3494 expulsum
930 3407 1018 3510 rapi

127 3495 266 3563 Saxum
288 3500 353 3563 adt
375 3496 576 3583 procellis,
598 3500 659 3564 vel
681 3499 866 3585 globosos
887 3495 978 3563 tdrb
