2446 3944
442 205 682 270 -157-

58 370 204 455 reperias
227 371 363 454 multos,
391 371 508 453 quibus
535 369 716 455 periculosa
744 375 776 436 11
803 370 908 437 calida
931 371 1068 436 consilia

60 458 180 542 quietis
203 461 236 522 et
259 458 411 542 cogitatis
441 458 659 543 splendidiora
686 463 718 523 et
741 459 865 524 maiora
886 459 1066 524 rideantur.

58 545 248 629 Numquam
276 547 406 610 omnino
439 546 574 631 periculi
604 547 683 633 fuga
715 548 980 612 committendum
1009 551 1067 630 est,
1085 562 1119 615 83

59 638 98 698 ut
124 634 261 698 inbelles
289 634 459 717 timidique
486 634 665 718 videamur,
693 635 748 700 sed
774 634 962 720 fugiendum
985 635 1067 699 illud

60 722 170 806 etiam,
191 743 232 786 ne
251 721 422 786 offeramus
440 743 501 786 noe
519 723 670 806 periculis
689 723 757 787 sine
781 745 887 805 causa,
910 745 973 806 quo
997 745 1067 787 esse

59 809 144 874 nihil
162 813 272 893 potest
290 810 432 874 stultius.
468 809 671 896 Quapropter
688 811 723 876 in
742 810 894 875 adeundis
915 811 1066 895 perieulis

60 898 259 963 consuetudo
277 897 436 962 imitanda
453 898 650 963 medicorum
668 902 727 982 est,
750 899 806 981 qui
823 899 938 963 leviter
957 920 1067 984 aegro·

60 989 171 1050 tentes
193 986 310 1050 leniter
333 989 456 1069 curant,
482 986 684 1070 gravioribus
708 990 816 1050 autem
840 986 962 1051 morbis
985 987 1067 1071 peri·

61 1075 189 1139 culosas
198 1074 380 1138 curationes
390 1078 423 1137 et
433 1074 589 1158 ancipites
604 1074 756 1138 adhibere
770 1077 938 1159 coguntur.
962 1072 1067 1148 Quare

62 1163 97 1226 in
118 1162 297 1245 tranquillo
321 1165 549 1246 tempestatem
577 1162 745 1227 adversam
774 1166 887 1246 optare
911 1161 1066 1225 dementis

63 1253 121 1333 est,
145 1249 315 1314 subvenire
334 1253 443 1314 autem
460 1251 650 1335 tempestati
668 1250 781 1334 quavis
800 1250 925 1314 ratione
944 1249 1068 1333 sapien·

62 1339 115 1420 111,
139 1359 240 1421 eoque
262 1337 377 1423 magis,
401 1338 430 1401 si
451 1339 525 1421 plus
549 1337 727 1422 adipiscare
749 1360 784 1401 re
808 1337 968 1422 explicata
990 1337 1068 1401 boni

63 1447 161 1510 quam
180 1423 371 1489 addubitata
388 1425 475 1489 mali.
504 1424 707 1490 Periculosae
726 1430 834 1489 autem
848 1447 956 1489 rerum
970 1425 1067 1489 actio·

62 1536 119 1578 nes
138 1513 421 1597 pertimiscant,
444 1513 500 1596 qui
518 1535 571 1578 111
591 1513 779 1597 suscipiunt,
801 1513 922 1597 partim
948 1512 995 1576 rei
1012 1535 1069 1597 pu·

63 1602 176 1666 blicae.
220 1600 368 1684 Itemque
396 1601 453 1665 alii
480 1599 518 1665 de
546 1602 627 1686 vita,
657 1601 714 1666 alii
736 1600 774 1664 de
798 1601 904 1686 gloria
926 1604 959 1663 et
981 1599 1068 1663 beni-

62 1689 207 1754 volentia
231 1689 348 1753 civium
376 1689 411 1753 in
435 1688 610 1759 discrimen
636 1692 801 1754 vocantur.
846 1687 1067 1771 Promptiores

62 1777 166 1862 igitur
184 1776 336 1841 debemus
355 1798 425 1840 esse
444 1776 485 1840 ad
503 1781 617 1841 nostra
634 1777 778 1861 pericula
801 1798 898 1860 quam
922 1776 962 1839 ad
985 1797 1068 1840 com·

61 1865 174 1930 munia
192 1864 406 1947 dimicareque
424 1865 570 1948 paratius
590 1864 628 1928 de
646 1865 768 1929 honore
787 1869 820 1928 et
843 1863 948 1950 gloria
971 1885 1069 1947 quam

64 1954 103 2018 de
127 1952 241 2017 ceteris
265 1951 451 2017 commodis.

130 2039 258 2105 Inventi
277 2044 385 2104 autem
408 2041 503 2104 multi
522 2044 605 2123 sunt,
624 2041 680 2125 qui
697 2063 763 2106 non
781 2039 876 2105 modo
890 2040 1068 2123 pecuniam,
1087 2057 1118 2108 84

63 2128 122 2194 sed
144 2128 243 2192 etiam
265 2128 367 2192 vitam
394 2127 587 2212 profundere
610 2151 669 2214 pro
691 2127 799 2213 patria
821 2128 929 2212 parati
952 2131 1068 2208 essent,

62 2216 162 2280 iidem
189 2215 313 2302 gloriae
342 2216 502 2280 iacturam
528 2237 569 2280 ne
601 2216 770 2281 minimam
803 2216 932 2299 quidem
963 2215 1068 2280 facere

62 2305 199 2386 vellent,
230 2325 271 2366 ne
298 2325 333 2367 re
359 2304 490 2388 publica
517 2302 644 2387 quidem
673 2304 876 2388 postulante3
907 2307 944 2367 ut
972 2301 1069 2367 (11111-
1176 2318 1179 2324 ·

64 2392 215 2474 11111111,
238 2391 294 2474 qui
316 2413 389 2455 cum
411 2391 736 2457 Lacedaemoniorum
760 2392 823 2456 dux
844 2391 960 2456 fuisset
978 2389 1069 2455 Pelo·

64 2479 259 2565 ponnesiaeo
282 2479 368 2543 bello
392 2480 557 2562 multaque
579 2479 709 2543 fecisset
737 2479 879 2564 egregie,
906 2478 1006 2543 vertit
1030 2479 1070 2542 ad

64 2571 245 2632 extremum
268 2566 384 2649 omnia,
407 2567 637 2632 cumconsilio
660 2587 725 2631 non
742 2566 852 2650 paruit
871 2587 991 2649 eorum,
1015 2566 1070 2649 qui

64 2656 202 2721 classem
222 2656 262 2718 ab
282 2653 455 2739 Arginusis
477 2654 705 2719 removendam
726 2675 785 2719 nec
803 2676 876 2717 cum
894 2652 1070 2717 Athenien-

63 2744 155 2810 sibus
171 2742 386 2807 dimicandum
403 2742 576 2826 putabant3
595 2741 711 2824 quibus
724 2742 780 2805 ille
794 2739 961 2824 respondit
974 2739 1070 2804 Lace-

65 2831 252 2896 daemonios
281 2831 383 2894 classe
410 2830 470 2894 illa
493 2829 613 2894 amissa
636 2829 735 2893 aliam
757 2849 872 2913 parare
895 2847 1005 2911 posse,
1035 2848 1069 2889 se

63 2919 178 3005 fugere
203 2919 271 2982 sine
295 2939 352 2982 suo
377 2918 529 2982 dedecore
550 2938 616 2981 non
638 2938 742 3001 posse.
779 2916 887 2999 Atque
905 2913 985 2978 haee
1004 2914 1071 2996 qui-

64 3008 139 3071 dem
152 3005 414 3071 Lacedaemoniis
428 3007 528 3091 plage
542 3003 721 3088 mediocria,
738 3004 798 3068 illa
815 3002 980 3087 pestifera,
998 3023 1070 3085 qua,

63 3117 138 3160 eum
161 3092 388 3159 Cleombrotus
415 3093 570 3158 invidiam
597 3093 715 3156 timens
742 3096 864 3157 temere
892 3112 964 3154 cum
986 3088 1070 3173 Epa·

63 3181 219 3247 minonda
233 3181 437 3264 conflixisset,
449 3180 775 3246 Lacedaemoniorum
786 3200 861 3263 opes
872 3182 1069 3242 corruerunt.

63 3269 195 3346 Quanto
219 3267 439 3344 attraximus
462 3269 591 3333 melius!
615 3267 653 3332 de
678 3290 741 3351 quo
764 3267 901 3331 Ennius:

109 3356 215 3422 Unus
238 3357 349 3421 homo
372 3356 484 3420 nobis
508 3357 720 3422 cunctando
744 3354 922 3420 restituit
944 3376 1029 3419 rem.

109 3444 282 3510 Noenum
304 3465 476 3509 rumores
499 3445 662 3529 ponebat
685 3448 773 3508 ante
796 3444 970 3508 salutem.

108 3531 1070 3619 Ergopostquemagisquevirinuncgloriaclaret.
