2446 3944
537 165 777 230 -296-

160 320 193 382 et
211 315 297 401 apud
313 337 374 380 nos
393 318 426 379 et
444 314 479 378 in
499 313 572 378 aliis
596 313 792 398 civitatibus,
815 317 853 379 nt
876 335 1020 398 quaeque
1044 315 1172 399 optime

159 407 287 469 morata
301 406 360 487 est,
377 403 426 467 ita
443 401 691 486 diligentissime
710 402 933 466 observantur.
964 401 1171 485 Lysandrum

159 490 461 573 Lacedaemonium,
491 489 580 554 cuius
608 489 704 554 modo
731 489 794 554 feci
821 490 1030 574 mentionem,
1063 490 1171 556 dicere

82 578 85 585 ’
160 581 251 644 aiunt
279 579 412 643 solitum
434 577 707 642 Lacedaemonem
731 599 800 642 esse
825 577 1091 642 honestissimum
1116 579 1171 644 do

159 667 317 732 micilium
344 665 532 748 senectutis,
560 687 720 750 nusquam
748 665 833 729 enirn
859 669 987 730 tantum
1010 666 1172 731 tribuitur

161 754 272 838 aetati,
293 776 454 838 nusquam
477 757 527 818 est
550 757 697 818 senectus
720 753 919 818 honoratior.
960 752 1045 828 Quin
1068 755 1170 819 etiam

159 842 335 907 memoriae
356 840 521 926 proditum
545 844 604 924 est,
626 863 698 905 cum
718 840 857 906 Athenis
880 841 964 905 ludis
984 840 1115 925 quidam
1135 842 1171 906 in

159 931 325 995 theatrum
340 929 472 1014 grandis
487 932 568 994 natu
581 929 733 1012 venisset,
750 950 869 1014 magno
889 951 1041 994 consessu
1059 931 1170 995 locum

158 1040 320 1101 nusquam
338 1018 367 1081 ei
387 1017 498 1081 datum
517 1039 536 1081 a
555 1017 621 1082 suis
640 1016 777 1099 civibns3
796 1038 868 1080 cum
887 1021 996 1082 autem
1015 1016 1055 1082 ad
1071 1017 1171 1084 Lace

79 1182 83 1189 ,
161 1105 347 1170 daemonios
371 1104 567 1189 accessisset,
591 1104 646 1189 qui
668 1105 772 1188 legati
789 1126 862 1169 cum
881 1108 998 1186 essent,
1020 1109 1109 1170 certo
1134 1106 1171 1170 in

160 1194 232 1258 loco
255 1193 475 1276 consederant,
497 1192 735 1257 consurrexisse
759 1214 870 1257 omnes
893 1192 944 1256 illi
962 1193 1112 1258 dicuntur
1136 1198 1171 1258 et

109 1297 143 1347 64
161 1303 270 1346 senem
293 1302 418 1345 sessum
446 1280 613 1364 recepisse.
659 1278 782 1354 Quibus
810 1302 882 1344 cum
906 1303 925 1345 a
952 1284 1067 1345 cuncto
1095 1302 1171 1346 con-

161 1391 252 1434 sessu
283 1369 416 1453 plausus
450 1371 535 1433 esset
566 1367 738 1451 multiplex
770 1368 878 1450 datus,
910 1367 1028 1433 dixisse
1061 1390 1100 1433 ex
1128 1369 1170 1434 iis

161 1457 320 1541 quendam
338 1455 553 1520 Athenienses
573 1456 663 1538 scire,
687 1477 768 1539 quae
791 1459 880 1520 recta
903 1459 1020 1538 essent,
1043 1456 1100 1521 sed
1122 1457 1171 1522 fa-

160 1567 231 1610 cere
258 1545 355 1609 nolle.
399 1543 505 1608 Multa
531 1543 566 1607 in
593 1547 701 1608 vestro
733 1544 872 1628 collegio
899 1546 1079 1628 praeclara,
1112 1546 1172 1611 sed

159 1633 231 1715 hoc,
250 1632 288 1696 de
307 1653 370 1716 quo
389 1631 526 1716 agimuS,
543 1631 579 1695 in
596 1631 720 1715 primis,
739 1631 833 1715 quod,
851 1634 888 1694 ut
907 1632 1041 1715 quisque
1059 1636 1172 1698 aetate

161 1719 330 1802 antecedit,
343 1720 392 1783 ita
406 1718 585 1783 sententiae
598 1719 817 1802 principatum
830 1722 928 1802 tenet,
941 1741 1046 1803 neque
1061 1721 1171 1785 solum

160 1807 292 1872 honore.
306 1806 578 1888 antecedentibus,
601 1805 658 1870 sed
675 1806 715 1869 iis
736 1806 843 1889 etiam,
867 1807 922 1891 qui
940 1829 1013 1871 cum
1030 1807 1171 1892 imperio

162 1898 246 1976 sunt,
268 1894 408 1958 maiores
430 1897 511 1957 natu
535 1913 673 1978 augures
695 1897 942 1978 anteponuntur.
979 1894 1068 1970 Quae
1092 1900 1172 1960 sunt

160 1982 263 2066 igitur
289 1982 475 2065 voluptates
508 1981 653 2064 corporis
681 2003 754 2045 cum
782 1982 986 2046 auctoritatis
1013 1985 1171 2067 praemiis

161 2069 418 2151 comparandae?
449 2068 564 2152 quibus
589 2069 644 2152 qui
667 2069 832 2152 splendide
854 2070 905 2133 usi
929 2073 1017 2153 sunt,
1039 2070 1064 2134 ii
1087 2072 1172 2137 mihi

160 2156 311 2220 videntur
332 2155 478 2220 fabulam
507 2156 624 2220 aetatis
651 2157 816 2242 peregisse
841 2179 900 2222 nec
927 2162 1096 2241 tamquam
1122 2159 1173 2224 in·

161 2243 329 2307 exercitati
351 2244 526 2308 histriones
548 2243 584 2307 in
608 2247 751 2308 extremo
775 2248 849 2309 actu
872 2246 1040 2311 corruisse.

109 2345 142 2395 65
227 2328 273 2394 At
301 2334 376 2395 sunt
403 2331 524 2396 morosi
552 2334 584 2395 et
613 2332 701 2396 anxii
727 2335 760 2396 et
787 2332 931 2397 iracundi
959 2336 991 2397 et
1019 2333 1172 2400 difficiles

161 2439 261 2482 senes.
308 2416 342 2482 si
369 2420 566 2503 quaerimuS,
594 2419 692 2483 etiam
720 2420 823 2503 avari3
851 2421 907 2485 sed
934 2422 1013 2486 haec
1040 2445 1171 2488 morum

160 2505 241 2570 vitia
259 2510 344 2589 sunt,
367 2529 434 2571 non
452 2507 635 2572 senectutis.
671 2506 720 2571 Ac
742 2508 916 2572 morositas
939 2513 1049 2573 tamen
1073 2514 1107 2574 et
1130 2533 1172 2577 ea

160 2593 250 2676 vitia,
274 2615 356 2677 quae
379 2594 454 2678 dixi,
476 2596 597 2660 habent
621 2595 743 2679 aliquid
761 2596 1060 2666 excusationisnon
1077 2599 1171 2664 illius

162 2682 290 2766 quidem
313 2682 428 2766 iustae,
452 2684 508 2747 scd
530 2706 612 2768 quae
634 2683 768 2768 probari
790 2706 886 2768 posse
908 2685 1070 2768 videatur3
1096 2708 1171 2751 con·

160 2771 263 2835 temni
286 2791 320 2834 se
343 2775 474 2854 putant,
502 2771 634 2856 despici,
660 2771 777 2854 inludi3
805 2776 973 2857 praeterea
999 2773 1035 2837 in
1056 2773 1172 2859 fragili

142 2874 295 2943 'corpore
314 2858 426 2923 odiosa
445 2859 549 2923 omnis
568 2860 702 2924 offensio
726 2863 783 2924 est.
820 2860 909 2936 Quae
927 2865 1038 2925 tamen
1058 2863 1172 2929 omnia

161 2945 304 3010 dulciora
326 2946 409 3010 fiunt
433 2950 465 3010 et
488 2947 631 3011 moribus
654 2947 748 3011 bonis
767 2951 800 3011 et
819 2949 952 3031 artibus,
976 2948 1072 3032 idque
1096 2972 1172 3015 cum

160 3033 196 3097 in
217 3034 294 3117 vita,
316 3037 388 3098 tum
406 3034 441 3099 in
459 3055 575 3098 scaena
592 3035 740 3120 intellegi
757 3038 866 3119 potest
885 3059 924 3101 ex
942 3037 982 3101 iis
1001 3037 1173 3123 fratribus,

162 3120 217 3204 qui
243 3121 279 3184 in
305 3119 464 3205 Adelphis
493 3126 576 3187 sunt.
621 3121 750 3197 Quanta
776 3122 810 3187 in
838 3125 941 3190 altero
974 3124 1104 3210 diritas,
1135 3127 1172 3193 in

161 3209 264 3271 altero
288 3209 437 3274 comitas!
475 3207 528 3274 Sic
551 3231 659 3275 seres
683 3211 795 3277 habet:
818 3215 855 3275 ut
878 3213 963 3278 enim
984 3235 1053 3277 non
1073 3236 1171 3279 omne

160 3294 280 3377 vinum,
304 3296 349 3360 sic
370 3318 438 3362 non
460 3297 565 3362 omnis
586 3301 706 3363 natura
727 3301 889 3364 vetustate
912 3300 1079 3366 coacescit.
1117 3300 1172 3367 Se

160 3382 332 3447 veritatem
363 3385 398 3448 in
430 3389 593 3450 senectute
624 3386 741 3471 probo,
774 3386 830 3451 sed
862 3409 945 3473 eam,
977 3390 1061 3454 sicut
1094 3391 1172 3475 alia,

61 3470 333 3695 *modicam
357 3472 568 3538 acerbitatem
591 3474 681 3538 nullo
705 3473 810 3538 modo.
851 3474 999 3542 Avaritia
1021 3499 1100 3542 vero
1124 3500 1173 3544 se·

93 3655 103 3680 Ι
