2446 3944
466 181 705 247 -255-

70 348 155 413 mari
177 348 303 414 iactura
325 348 472 414 facienda
491 348 542 432 sit,
565 347 679 434 equine
697 349 833 434 pretiosi
850 348 960 434 potins
977 349 1077 414 iaetu·

70 459 142 501 ram
168 435 268 502 faciat
297 459 338 501 an
366 437 484 501 servoli
511 437 595 502 vilis.
639 435 702 500 Hic
731 437 795 502 alio
822 458 874 501 res
895 436 1077 521 familiaris,

72 525 137 589 alio
162 524 249 589 ducit
274 525 472 589 humanitas,
506 521 552 588 ‘si
574 524 721 589 tabulam
745 524 784 588 de
805 524 977 611 naufragio
997 525 1076 589 stul·

70 617 125 676 tus
145 612 326 696 arripuerit,
345 612 590 696 extorquebitne
609 635 681 676 cam
699 613 836 697 sapiens,
856 613 883 677 si
899 610 1076 697 potnerit?'

71 699 190 786 Negat,
214 700 289 784 qnia
313 700 356 764 sit
378 700 540 764 iniurium.
586 698 705 777 ‘Quidr
733 700 880 766 dominus
903 701 995 766 navis
1019 700 1078 764 eri·

70 789 180 873 pietne
204 787 330 853 sunm?
377 787 534 871 ‘Minima
562 809 627 852 non
650 788 724 872 plus
748 810 845 873 quam
867 788 1078 874 navigantem

70 878 105 940 in
124 877 192 941 alto
211 876 312 941 eicere
331 876 369 940 de
386 875 463 941 navi
480 876 569 959 velit,
593 876 668 959 quia
692 897 750 940 sua
768 877 820 940 sit.
856 875 969 951 Quoad
992 877 1077 941 enim

71 967 271 1049 perventum·
285 967 335 1028 est
359 986 405 1048 eo,
429 986 492 1047 quo
517 968 646 1048 sumpta
667 964 760 1029 navis
784 967 842 1046 est,
867 986 932 1029 non
956 964 1077 1029 domini

72 1055 122 1117 est
148 1052 254 1136 navis,
286 1052 342 1115 sed
368 1050 614 1136 navigantium?
665 1050 781 1127 ‘Quidr
814 1052 842 1116 si
868 1074 933 1116 nna
964 1052 1078 1116 tabula
1096 1069 1130 1118 90

73 1140 130 1223 sit,
154 1140 216 1204 duo
239 1139 406 1225 naufragi,
434 1140 526 1222 eique
549 1139 725 1225 sapientes,
752 1139 855 1204 sibine
878 1142 1007 1222 uterque
1029 1161 1078 1204 ra-

71 1228 150 1312 piat,
174 1249 215 1292 an
237 1228 321 1293 alter
339 1227 431 1293 cedat
450 1227 579 1292 alteri?
612 1226 725 1293 ‘Cedat
743 1249 828 1312 vero,
852 1228 907 1292 sed
927 1228 965 1312 ei,
988 1227 1076 1293 cuius

73 1316 178 1400 magis
201 1314 331 1379 intersit
353 1315 405 1380 vel
429 1336 488 1380 sna
509 1316 562 1380 vel
584 1315 632 1380 rei
658 1315 806 1400 publicae
830 1336 926 1380 causa
947 1314 1077 1380 vivere?

73 1402 182 1486 muru,
209 1404 238 1467 si
264 1403 344 1468 haec
370 1403 464 1487 paria
485 1403 520 1466 in
541 1402 713 1487 utroqnef’
759 1402 906 1468 ‘Nullum
930 1403 991 1468 erit
1014 1424 1078 1468 eer-

73 1494 191 1574 tamen,
215 1491 271 1555 sed
290 1492 383 1576 quasi
402 1495 488 1556 sorte
507 1494 565 1556 aut
582 1491 729 1556 micando
748 1490 852 1556 vietus
872 1491 967 1555 alteri
988 1491 1079 1555 cedet

74 1578 177 1643 alter?
224 1577 341 1653 ‘Quidf
370 1579 398 1642 si
424 1582 519 1663 pater
545 1578 622 1643 fana
649 1578 782 1663 expilat,
809 1579 972 1644 cuniculos
1000 1582 1079 1664 agat

75 1667 115 1732 ad
129 1667 299 1751 aerarium,
316 1666 476 1732 indicetne
494 1666 528 1731 id
546 1666 794 1752 magistratibus
812 1666 931 1732 filins?
965 1665 1078 1737 ‘Nefas

73 1755 107 1820 id
131 1755 260 1839 quidem
283 1758 342 1838 est,
366 1754 443 1838 quin
466 1754 565 1819 etiam
588 1753 738 1819 defendat
760 1757 895 1839 patrem,
919 1754 946 1820 si
966 1776 1080 1840 argua-

73 1843 148 1906 tur?
195 1842 281 1908 ‘Non
307 1842 408 1927 igitur
434 1842 542 1926 patria
568 1846 714 1927 praestat
746 1842 895 1907 omnibus
928 1841 1042 1908 officiis
1050 1840 1078 1908 f'

75 1930 191 1994 ‘Immo
221 1952 312 2014 vero,
345 1929 401 1994 sed
431 1930 496 2014 ipsi
527 1930 652 2015 patriae
684 1930 834 1995 conducit
860 1931 932 2016 pios
959 1929 1079 1996 habere

75 2018 160 2082 cives
182 2017 216 2081 in
238 2016 409 2102 parentes?
447 2017 563 2094 ‘Quian
587 2019 615 2082 si
637 2018 840 2102 tyrannidem
864 2040 1028 2103 occupare,
1051 2018 1079 2082 si

73 2105 214 2190 patriam
250 2107 385 2190 prodere
422 2106 591 2171 conabitur
626 2110 736 2191 pater,
772 2107 921 2171 silebitne
956 2105 1077 2171 filiusf’

74 2193 189 2259 ‘Immo
212 2215 289 2259 vero
314 2193 497 2258 obsecrabit
519 2197 654 2279 patrem,
676 2216 717 2258 ne
739 2193 773 2258 id
795 2194 903 2259 faciat.
940 2191 975 2258 Si
996 2193 1079 2258 nihil

73 2281 234 2366 proficiet,
266 2282 442 2364 accusabit,
474 2282 652 2347 minabitur
679 2282 791 2366 etiam,
823 2282 864 2346 ad
892 2285 1079 2366 extremum,

75 2370 102 2433 si
126 2369 167 2434 ad
189 2369 363 2453 perniciem
385 2369 511 2454 patriae
533 2391 585 2434 res
604 2370 773 2454 spectabit,
795 2369 921 2454 patriae
941 2370 1079 2434 salutem

76 2460 251 2541 anteponet
279 2457 376 2522 saluti
405 2455 530 2542 patris?
581 2455 714 2532 Quaerit
745 2457 857 2540 etiam,
890 2457 918 2522 si
950 2457 1078 2542 sapiens
1097 2472 1130 2523 91

76 2544 273 2608 adulterinos
305 2566 456 2610 nummos
489 2545 647 2629 acceperit
678 2544 853 2628 inprudens
884 2566 944 2629 pro
976 2544 1080 2628 bonis,

75 2654 148 2696 cum
174 2632 208 2696 id
234 2633 393 2715 rescierit,
421 2633 627 2697 soluturusne
655 2631 698 2696 sit
725 2653 793 2715 ecs,
822 2632 848 2695 si
877 2633 928 2696 cui
955 2632 1079 2715 debeat,

74 2742 133 2804 pro
157 2719 260 2785 bonis.
304 2719 468 2806 Diogenes
491 2721 546 2804 ait,
569 2718 744 2804 Antipater
765 2723 875 2804 negat,
897 2719 948 2783 cui
970 2719 1078 2802 potius

76 2808 244 2872 assentior.
281 2806 342 2883 Qui
365 2808 477 2873 vinum
495 2807 622 2893 fugiens
645 2807 764 2872 vendat
788 2807 899 2889 sciens,
923 2805 1079 2870 debeatne

75 2895 187 2960 dicere.
231 2894 308 2962 Non
333 2917 462 2960 necesse
490 2899 585 2981 putat
611 2895 788 2979 Diogenes,
815 2893 990 2978 Antipater
1017 2893 1079 2958 viri

74 2982 152 3047 boni
184 2982 357 3048 existimat.
411 2982 501 3048 Haec
533 2987 608 3048 sunt
640 2982 732 3068 qnasi
769 2985 977 3047 controversa
1008 2981 1080 3045 iura

75 3068 265 3135 Stoicorum.
315 3070 366 3135 ‘In
392 3071 552 3155 mancipio
584 3070 753 3136 vendundo
786 3070 958 3135 dicendane
989 3069 1079 3152 vitia,

73 3180 139 3223 non
163 3181 209 3242 ea,
233 3181 314 3243 quae
337 3158 401 3222 nisi
421 3159 548 3242 dixeris,
570 3159 778 3223 redhibeatur
796 3157 992 3243 mancipium
1010 3157 1079 3221 iure

75 3246 176 3330 civili,
199 3248 254 3311 sed
277 3248 370 3329 haec,
393 3247 578 3312 mendacem
602 3269 685 3330 esse,
713 3247 901 3330 aleatorem,
928 3245 1079 3331 furacem,

74 3333 270 3399 ebriosumf'
307 3334 415 3398 Alteri
437 3334 570 3400 dicenda
591 3336 749 3416 videntur,
773 3335 867 3400 alteri
889 3356 956 3399 non
972 3335 1079 3400 viden·

73 3426 136 3488 tur.
188 3421 238 3487 ‘si
271 3422 343 3506 quis
376 3444 490 3488 aurum
521 3424 661 3489 vendens
693 3423 888 3488 orichalcum
921 3444 954 3487 se
985 3425 1080 3507 putet

72 3510 224 3595 vendere,
252 3511 412 3576 indicetne
440 3511 469 3577 ei
496 3512 672 3578 virbonus
695 3533 809 3576 aurum
832 3511 915 3575 illud
937 3531 1007 3575 esse
1038 3420 1160 3695 aur

1057 3866 1092 3889 d
