2446 3944
462 187 702 249 -177-

82 348 185 412 10111110
190 398 200 432 ,
212 349 260 413 sic
273 349 424 413 definitur
438 373 458 414 a
471 347 603 434 Stoicis,
621 352 659 414 ut
676 349 869 414 modestia
886 351 932 415 sit
949 351 1086 415 scientia

82 458 189 500 rerum
208 457 332 521 earum,
349 459 432 520 quae
449 442 587 522 agentur
605 441 663 502 aut
680 437 836 521 dicentur,
853 437 926 503 loco
945 459 1003 502 suo
1022 439 1086 502 col·

82 524 298 588 locandarum.
342 523 396 589 Ita
422 525 550 590 videtur
576 525 688 590 eadem
710 525 760 589 vis
787 525 910 589 ordinis
933 529 966 589 et
987 526 1086 590 00110-

83 611 219 676 cationis
241 611 325 695 fore3
347 634 423 677 nam
446 616 480 676 et
501 613 673 678 ordinem
696 611 743 677 sic
765 613 934 677 definiunt:
958 634 1086 698 compo·

83 699 234 763 sitionem
263 721 371 764 rerum
401 700 487 785 aptis
515 705 549 765 et
574 700 825 766 accommodatis
857 700 951 784 locis3
977 702 1086 766 locum

84 791 193 851 autem
222 788 359 852 actionis
390 789 646 873 oportunitatem
674 788 831 872 temporis
860 809 931 852 esse
960 789 1085 872 dicunt3

82 879 210 958 tempus
241 879 349 939 autem
379 876 516 940 actionis
547 879 743 962 oportunum
772 874 894 940 Graece
923 870 1085 960 εὐκαιρία,

82 961 198 1026 Latine
222 963 405 1048 appellatur
428 963 564 1029 occasio.
607 961 661 1029 Sic
682 963 734 1046 fit,
756 966 794 1026 ut
816 963 976 1027 modestia
996 964 1086 1048 haec,

83 1072 181 1134 quam
206 1050 254 1113 ita
280 1051 541 1136 interpretamur,
569 1055 607 1115 ut
629 1050 708 1133 dixi,
731 1050 867 1115 scientia
889 1050 933 1113 sit
956 1057 1086 1135 oportu-

82 1137 196 1201 nitatis
214 1138 403 1203 idoneorum
421 1140 463 1203 ad
480 1138 641 1224 agendum
659 1143 851 1223 temporum.
887 1135 951 1202 Sed
963 1142 1074 1224 potest
1088 1155 1139 1204 143

84 1225 197 1289 eadem
215 1247 285 1290 esse
302 1225 492 1311 prudentiae
511 1226 669 1309 definitio,
692 1226 730 1289 de
749 1248 813 1310 qua
830 1225 989 1310 principio
1009 1227 1087 1290 dixi-

83 1335 169 1395 mus,
195 1313 257 1379 hoo
280 1318 389 1378 autem
411 1315 483 1379 loco
512 1313 551 1378 de
572 1313 792 1379 moderatione
815 1317 848 1377 et
870 1315 1088 1397 temperantia

84 1404 118 1464 et
130 1400 247 1464 harum
266 1401 427 1466 similibus
446 1401 622 1466 virtutibus
642 1400 835 1484 quaerimus.
865 1399 989 1485 Itaque,
1004 1423 1086 1484 quae

81 1492 176 1553 erant
202 1489 392 1574 prudentiae
418 1489 564 1573 propria,
592 1510 650 1553 suo
678 1488 750 1553 loco
777 1488 865 1552 dicta
891 1492 980 1571 sunt,
1004 1511 1087 1571 quae

85 1579 194 1640 autem
216 1576 332 1640 harum
353 1577 526 1660 virtutum,
548 1575 587 1640 de
611 1575 727 1659 quibus
749 1575 816 1638 iam
839 1575 893 1638 diu
915 1575 1087 1661 loquimur,

84 1685 166 1746 quae
193 1664 357 1747 pertinent
384 1664 425 1728 ad
451 1663 677 1728 verecundiam
705 1665 738 1726 et
764 1663 805 1726 ad
832 1684 944 1727 eorum
972 1685 1088 1748 appro

83 1751 262 1835 bationem,
285 1752 476 1834 quibuscum
498 1751 651 1835 vivimus,
672 1771 758 1814 nunc
780 1749 913 1814 dicenda
936 1755 1020 1815 sunt.

150 1839 240 1902 Talis
254 1842 305 1902 est
317 1839 419 1924 igitur
428 1839 507 1904 ordo
522 1838 686 1903 actionum
696 1837 904 1922 adhibendus,
917 1842 963 1922 ut,
977 1860 1073 1922 quem
1088 1855 1142 1905 144

68 1925 126 2001 jad
152 1926 283 1990 modum
309 1927 345 1990 in
367 1926 514 1991 oratione
541 1925 718 2009 constanti,
749 1925 856 1990 sicin
881 1926 951 1991 vita
978 1928 1088 1991 omnia

86 2013 152 2077 sint
175 2018 252 2098 apta
274 2014 360 2078 inter
382 2035 416 2078 se
440 2017 472 2078 et
495 2013 732 2096 convenientia3
753 2017 849 2098 turpe
872 2014 957 2078 enim
980 2014 1085 2079 valde

86 2123 147 2184 que
169 2102 324 2165 vitiosum
347 2102 382 2165 in
403 2122 438 2165 re
462 2122 574 2166 severa
601 2101 748 2167 convivio
772 2101 870 2186 digna
893 2105 950 2166 aut
972 2102 1087 2167 delica-

84 2193 155 2252 tum
178 2189 319 2273 aliquem
344 2188 464 2252 inferre
492 2210 681 2253 sermonem.
726 2188 813 2252 Bene
835 2189 989 2272 Pericles,
1012 2212 1087 2254 cum

84 2276 220 2340 haberet
238 2276 397 2362 collegam
415 2276 450 2340 in
467 2279 620 2361 praetura
634 2274 827 2361 Sophoclem
844 2280 976 2361 po'e'tam
998 2276 1086 2360 iique

85 2363 124 2428 de
157 2365 319 2429 communi
350 2364 456 2429 officio
487 2364 711 2430 convenissent
746 2367 779 2427 et
815 2386 891 2428 casu
922 2364 1085 2428 formosus

83 2474 164 2537 puer
190 2452 383 2536 praeteriret
409 2451 604 2534 dixissetque
632 2450 821 2535 Sophocles:
854 2450 897 2515 ‘0
927 2472 1086 2535 puerum

84 2539 300 2624 pulchrum,
327 2537 505 2604 Periclel'
552 2538 614 2602 ‘At
641 2539 740 2602 enim
761 2542 994 2623 praetorem,
1021 2536 1087 2605 So·

84 2627 235 2710 phoole,
253 2628 455 2692 (1000111011
473 2626 598 2690 solum
616 2646 763 2709 manus,
782 2625 846 2689 sed
865 2625 983 2690 etiam
1001 2648 1086 2691 ocu·

85 2714 143 2778 los
171 2714 414 2779 abstinentes
441 2712 603 2778 habere?
640 2711 744 2795 Atqui
770 2712 832 2776 hoc
853 2712 939 2776 idem
963 2710 1086 2796 Sopho·

84 2802 150 2866 oles
183 2801 212 2865 si
242 2802 277 2866 in
304 2801 500 2866 athletarum
527 2799 720 2885 probatione
748 2799 894 2881 dixisset,
925 2799 1012 2863 iusta
1039 2822 1087 2864 re

84 2888 296 2973 prehensione
311 2889 476 2953 caruisset.
502 2887 609 2952 Tanta
621 2887 672 2952 vis
686 2890 736 2950 est
750 2890 783 2951 01
796 2887 860 2951 1001
874 2889 907 2950 01
920 2888 1086 2970 temporis.

84 2975 139 3060 Ut,
163 2977 190 3040 si
214 2977 277 3060 qui,
300 2998 373 3041 cum
395 2997 526 3040 causam
549 2975 593 3039 sit
615 2977 755 3058 acturus,
777 2975 813 3038 in
834 2974 949 3037 itinere
973 2976 1029 3038 aut
1051 2974 1086 3038 in

85 3064 304 3128 ambulatione
333 3085 441 3128 secum
467 3063 538 3147 ipse
561 3062 743 3146 meditetur,
766 3065 822 3127 aut
845 3061 874 3125 si
897 3060 974 3144 quid
997 3061 1086 3125 aliud

85 3151 240 3215 attentius
263 3151 398 3236 cogitet,
424 3173 491 3215 non
513 3150 775 3235 reprehendatur,
803 3152 838 3214 at
863 3148 926 3213 hoo
947 3148 1033 3213 idem
1057 3148 1086 3213 si

82 3239 118 3302 in
136 3238 282 3303 convivio
299 3238 416 3321 faciat,
433 3239 628 3304 inhumanus
647 3238 794 3304 videatur
812 3236 942 3301 inscitia
960 3240 1085 3321 tempo·

85 3326 140 3390 ris.
176 3324 238 3390 Sed
261 3347 307 3409 ea,
330 3348 412 3409 quae
435 3326 575 3390 multum
593 3327 635 3390 ab
653 3325 857 3390 humanitate
880 3324 1071 3409 discrepant,
1088 3340 1140 3388 145

83 3417 121 3478 ut
144 3413 173 3476 si
200 3413 256 3496 qui
282 3413 317 3477 in
342 3413 414 3478 foro
438 3416 560 3497 cantet,
588 3418 645 3478 aut
667 3412 783 3496 siqua
805 3416 856 3476 est
879 3412 945 3477 alia
967 3434 1087 3496 magna

83 3501 296 3584 perversitas,
318 3500 413 3565 facile
437 3505 573 3585 apparet
594 3523 654 3566 1100
675 3521 872 3585 magnopere
895 3500 1086 3565 admonitio-

157 3608 339 3664 0111111101,
353 3608 398 3653 sa
412 3605 529 3661 11111101.
543 3605 656 3660 aarum
914 3618 947 3666 12
1103 3580 1173 3716 ο
