2446 3944
443 220 487 232 -
531 184 684 251 319.-

55 375 139 439 quae
157 356 227 418 tam
244 353 340 417 firma
357 353 471 419 civitas
491 356 549 431 est,
572 352 654 437 qua'e
674 375 740 419 non
758 355 839 420 odiis
863 359 896 420 et
914 355 1061 421 discidiis

54 441 201 507 funditus
223 440 329 525 possit
352 441 477 506 everti?
512 440 563 506 Ex
587 463 660 525 quo,
683 445 839 526 quantum
861 443 939 507 boni
961 443 1005 508 sit
1026 444 1062 508 in

56 529 208 611 amicitia,
223 528 358 593 iudicari
370 532 489 614 potest.
521 528 773 614 Agrigentinum
787 530 916 614 quidem
930 530 1061 597 doctum
1078 547 1110 597 24

57 616 217 702 quendam
234 617 341 681 virrun
359 617 555 681 carminibus
570 615 701 682 Graecis
717 618 930 684 vaticinatum
943 619 1061 704 ferunt,

56 727 139 790 quae
157 705 192 768 in
209 725 318 768 rerum
333 709 451 769 natura
463 707 599 788 totoque
617 705 735 770 mundo
754 709 949 790 constarent,
967 729 1061 793 quae

56 815 119 877 que
146 796 365 876 moverentur,
398 814 436 857 ea
463 792 653 858 contrahere
681 793 872 877 amicitiam,
904 795 1061 880 dissipare

56 880 258 944 discordiam.
294 879 403 964 Atque
421 881 483 946 hoo
501 880 630 964 quidem
648 902 759 945 omnes
781 883 937 946 mortales
960 886 993 946 et
1015 883 1061 946 in-
1154 935 1161 949 .

56 969 219 1053 tellegrmt
247 970 280 1031 et
306 989 340 1032 re
367 969 517 1052 probant.
561 967 689 1052 Itaque,
719 969 747 1033 si
775 970 902 1052 quando
930 969 1062 1053 aliquod

57 1055 201 1120 officium
229 1055 337 1119 extitit
365 1056 460 1121 amici
481 1056 516 1120 in
546 1056 698 1140 periculis
731 1060 787 1121 aut
819 1056 972 1121 adeundis
1004 1061 1061 1121 aut

57 1142 343 1227 communicandis,
367 1143 438 1226 quis
462 1147 524 1228 est,
548 1143 603 1227 qui
624 1144 658 1207 id
679 1165 746 1208 non
768 1144 918 1208 maximis
941 1144 1061 1209 ecferat

56 1231 229 1296 laudibus?
265 1229 328 1307 Oui
348 1231 505 1295 clamores
527 1234 599 1296 tota
621 1252 719 1296 cavea
741 1253 843 1315 nuper
865 1232 900 1296 in
921 1231 1061 1316 hospitis

57 1322 90 1383 et
113 1318 209 1383 amici
231 1318 295 1383 mei
316 1318 359 1383 M.
380 1318 502 1384 Pacuvi
523 1340 609 1384 nova
637 1318 761 1383 fabula!
795 1341 867 1384 cum
889 1319 1061 1405 ignorante

55 1427 147 1492 rege,
173 1410 246 1470 uter
269 1405 400 1471 Orestes
421 1411 512 1484 esset,
538 1407 670 1488 Pylades
692 1405 839 1471 Orestem
867 1428 901 1471 se
923 1429 994 1472 esse
1017 1408 1062 1471 di-

57 1498 152 1578 ceret,
169 1499 207 1558 ut
224 1516 283 1579 pro
302 1494 361 1559 illo
379 1497 555 1578 necaretur,
574 1493 704 1558 Orestes
724 1497 841 1572 autem,
861 1495 963 1559 itaut
982 1498 1061 1578 erat,

57 1582 205 1647 Orestem
229 1603 263 1646 se
287 1603 356 1646 esse
379 1585 608 1666 perseveraret.
653 1578 784 1646 Stantes
806 1582 1005 1666 plaudebant
1027 1583 1062 1646 in

57 1692 92 1735 re
123 1670 215 1753 ficta,
252 1669 329 1753 quid
360 1669 558 1734 arbitramur
588 1669 624 1732 in
654 1690 732 1735 vera
762 1669 905 1735 facturos
936 1669 1061 1735 fuisse?

55 1758 165 1822 Facile
187 1757 352 1822 indicabat
373 1757 446 1842 ipsa
467 1760 585 1822 natura
604 1756 672 1822 rim
690 1778 791 1841 suam,
814 1779 887 1822 cum
904 1757 1062 1836 homines,

57 1844 145 1930 quod
165 1845 271 1910 facere
293 1845 358 1930 ipsi
378 1867 445 1910 non
467 1849 614 1929 possent,
643 1843 677 1908 id
699 1849 785 1909 recte
807 1845 878 1910 fieri
899 1845 935 1909 in
957 1845 1061 1911 altero

58 1933 246 1998 iudicarent.

124 2019 289 2085 Hactenus
316 2019 398 2084 mihi
423 2019 534 2084 videor
562 2019 600 2084 de
627 2019 770 2084 amicitia
800 2019 877 2103 quid
909 2020 1062 2085 sentirem

57 2108 203 2193 potuisse
226 2108 342 2190 dicere3
371 2108 399 2171 si
426 2129 508 2192 quae
531 2111 698 2192 praeterea
721 2110 797 2171 sunt
820 2105 928 2194 (credo
953 2111 1062 2172 autem

58 2217 129 2261 esse
151 2194 283 2282 multa),
311 2196 352 2260 ab
375 2195 429 2280 iis,
457 2196 485 2260 si
507 2195 683 2273 videbitur,
711 2195 766 2279 qui
793 2195 858 2259 ista
885 2196 1062 2280 disputant,

59 2285 251 2368 quaeritote.

123 2372 272 2437 Firmus.
305 2370 374 2435 Nos
394 2374 502 2435 autem
521 2393 541 2434 a
558 2373 591 2434 te
606 2369 730 2453 potius3
748 2391 944 2453 quamquam
960 2369 1061 2434 etiam
1080 2384 1112 2434 ab

59 2460 101 2525 ab
123 2458 198 2523 istis
221 2479 316 2542 saepe
340 2457 484 2540 quaesivi
502 2460 535 2521 et
553 2456 661 2521 audivi
678 2478 744 2521 non
762 2457 883 2521 invitus
903 2457 1063 2541 equidem3

58 2547 115 2612 sed
138 2546 227 2611 aliud
250 2545 412 2630 quoddam
433 2545 526 2608 filum
550 2544 707 2608 orationis
730 2547 814 2608 tuae.

125 2634 288 2700 Scrrcorr,
333 2632 416 2696 Tum
439 2630 544 2716 magis
566 2631 600 2694 id
622 2630 757 2712 diceres,
779 2629 891 2713 Fanni,
914 2631 943 2694 si
960 2652 1063 2714 nuper

56 2723 93 2787 in
110 2722 215 2786 hortis
230 2719 398 2805 Scipionis,
421 2741 494 2783 cum
512 2722 562 2782 est
582 2719 620 2782 de
643 2739 678 2781 re
699 2716 831 2802 publica
853 2718 1063 2802 disputatum,

59 2809 227 2875 adfuisses.
273 2807 384 2882 Qualis
412 2810 481 2870 tum
508 2809 665 2890 patronus
692 2804 837 2868 iustitiae
862 2805 926 2869 fuit
949 2806 1063 2868 contra

59 2900 245 2962 accuratam
269 2896 449 2961 orationem
470 2892 571 2957 Phili!

124 2984 274 3050 Firmus.
304 2983 412 3048 Facile
426 2981 460 3045 id
473 2981 602 3067 quidem
615 2978 687 3064 fuit,
710 2978 870 3044 iustitiam
882 2977 1063 3043 iustissimo

57 3072 129 3137 viro
154 3071 330 3135 defendere.
981 3105 987 3115 ·

125 3158 288 3225 Scissum.
324 3157 428 3232 Ouid?
452 3155 627 3222 amicitiam
644 3175 750 3219 nonne
767 3153 863 3217 facile
886 3152 924 3237 ei,
947 3152 1002 3236 qui
1022 3154 1063 3218 ob

58 3269 132 3313 eam
151 3268 277 3311 summa
290 3245 361 3323 fide,
381 3245 563 3310 constantia
576 3242 763 3325 iustitiaque
778 3244 941 3305 servatam
955 3263 1065 3307 maxu-

58 3357 149 3400 mam
173 3334 322 3420 gloriam
336 3333 477 3417 ceperit?
995 3310 1168 3712 s

125 3423 269 3487 Larcius.
305 3419 381 3486 Vim
403 3421 465 3485 hoe
484 3418 612 3504 quidem
631 3420 681 3482 est
703 3417 836 3482 adferre.
872 3416 956 3494 Ouid
978 3438 996 3481 e
1086 3483 1088 3492 ,

55 3510 169 3592 refert,
192 3532 256 3594 qua
278 3529 330 3572 me
352 3507 477 3572 ratione
499 3506 648 3592 cogatis?
670 3505 787 3590 cogitis
810 3509 905 3573 certe.
941 3502 1002 3570 stu
1024 3502 1046 3521 ”
