2446 3944
472 153 710 219 -519-

85 314 299 380 labefactetur
318 314 423 379 oratio
441 313 537 399 mea.)
568 313 655 378 Nam
674 337 747 380 cum
765 315 968 400 ignoratione
986 337 1094 380 rerum

86 404 245 468 bonarum
273 405 306 467 et
327 403 485 466 malarum
511 403 650 467 maxime
671 403 840 468 hominum
862 404 931 469 vita
952 406 1094 488 vexetur,

86 491 129 555 cb
162 512 295 574 eumque
325 511 467 555 errorem
499 493 532 555 et
562 490 785 574 voluptatibus
817 490 965 556 maximis
998 512 1093 576 saepe

86 578 252 662 priventur
280 581 313 643 et
339 577 519 642 durissimis
548 578 647 642 animi
679 577 843 643 doloribus
874 583 1094 663 torqueantur,

87 666 246 750 sapientia
269 669 318 730 est
340 665 534 750 adhibenda,
558 687 639 749 quae
662 668 695 729 et
712 666 889 730 terroribus
908 667 1093 750 cupiditati·

85 754 208 837 busque
251 753 403 818 detractis
445 756 478 817 et
522 754 665 818 omnium
709 752 866 818 falsarum
906 755 1094 837 opinionum

85 842 271 906 temeritate
293 841 426 924 derepta
448 841 663 906 certissimam
686 863 720 905 se
742 841 838 906 nobis
869 841 982 906 ducem
1002 864 1093 926 prae·

85 928 163 993 beat
191 929 231 993 ad
257 930 466 1012 voluptatem.
520 927 687 1013 Sapientia
714 929 800 993 enim
826 932 877 993 est
904 952 981 1013 una,
1013 952 1094 1014 quae

85 1016 284 1081 maestitiam
314 1018 416 1100 pellat
446 1038 485 1080 ex
515 1017 644 1101 animis,
672 1039 753 1101 quae
779 1038 840 1081 nos
872 1016 1093 1082 exhorrescere

85 1108 174 1169 metu
192 1126 258 1169 non
275 1104 372 1188 sinat3
397 1126 460 1187 qua
482 1104 700 1189 praeceptrice
718 1104 753 1168 in
771 1105 1008 1188 tranquillitate
1029 1105 1094 1169 vivi

84 1194 194 1276 potest
216 1193 361 1257 omnium
384 1191 597 1275 cupiditatum
620 1192 732 1257 ardore
754 1192 919 1256 restincto.
964 1189 1093 1275 Cupidi-

48 1345 52 1353 ,
85 1283 171 1344 tates
195 1282 280 1345 enim
304 1285 381 1345 sunt
402 1280 619 1361 insatiabiles,
643 1300 723 1363 quae
746 1301 812 1344 non
829 1279 925 1344 modo
948 1279 1092 1364 singulos

84 1366 247 1451 homines,
270 1368 326 1432 sed
342 1368 509 1432 universas
527 1367 667 1432 familias
686 1369 848 1446 evertunt,
870 1369 975 1432 totam
993 1368 1093 1432 etiam

85 1454 283 1519 labefactant
314 1476 410 1538 saepe
448 1475 517 1518 rem
547 1455 720 1538 publicam.
776 1453 828 1518 Ex
863 1455 1093 1538 cupiditatibus
1111 1467 1147 1517 44
1199 1519 1202 1522 ,

86 1541 173 1625 odia,
196 1541 343 1624 discidia,
370 1542 562 1625 discordiae,
584 1542 774 1626 seditiones,
801 1543 887 1607 bella
908 1546 1094 1627 nascuntur,

84 1650 145 1693 nec
172 1650 228 1693 eae
255 1651 289 1694 se
316 1629 397 1694 foris
426 1629 531 1693 solum
560 1630 683 1694 iactant
708 1651 768 1694 nec
795 1632 922 1696 tantum
948 1630 983 1695 in
1011 1632 1092 1695 alios

85 1738 180 1781 caeco
212 1718 336 1800 impetu
357 1717 539 1799 incurrunt,
571 1717 627 1781 sed
658 1717 745 1782 intus
781 1718 879 1782 etiam
909 1718 944 1783 in
976 1718 1093 1783 animis

85 1805 229 1869 inclusae
256 1805 342 1869 inter
369 1822 404 1869 se
431 1804 589 1871 dissident
615 1808 711 1889 atque
739 1804 937 1887 discordant,
968 1827 1007 1870 ex
1029 1828 1092 1889 quo

85 1893 188 1956 vitam
207 1892 443 1957 amarissimam
460 1913 590 1958 necesse
609 1896 659 1957 est
678 1893 770 1975 effici,
788 1896 826 1957 ut
840 1894 968 1977 sapiens
988 1894 1094 1958 solum

87 1983 256 2064 amputata
278 1980 529 2065 circumcisaque
552 1980 710 2046 inanitate
733 1981 823 2045 omni
846 1984 879 2046 et
908 2003 1015 2046 errore
1037 2004 1093 2047 na·

85 2071 177 2150 turae
200 2068 318 2132 finibus
341 2072 511 2133 contentus
530 2068 599 2133 sine
620 2068 821 2153 aegritudine
843 2069 947 2152 possit
969 2073 1002 2134 et
1025 2070 1093 2134 sine

85 2159 174 2221 metu
196 2156 311 2221 vivere.
362 2156 450 2233 Quae
473 2159 523 2220 est
546 2157 631 2221 enirn
655 2160 712 2221 aut
733 2157 845 2221 utilior
869 2160 926 2221 aut
948 2157 989 2222 ad
1011 2158 1092 2222 bene
1111 2177 1146 2226 45

83 2244 255 2309 vivendum
287 2245 394 2328 aptior
424 2244 559 2328 partitio
592 2267 688 2330 quam
723 2244 795 2327 illa,
832 2266 895 2327 qua
931 2247 981 2309 est
1016 2267 1092 2310 usus

84 2331 266 2416 Epicurus?
290 2332 345 2416 qui
368 2354 466 2397 unum
489 2353 588 2416 genus
611 2333 721 2415 posuit
744 2353 853 2396 aarum
872 2333 1092 2416 cupiditatum,

85 2440 166 2501 quae
186 2422 293 2483 essent
312 2421 344 2482 et
361 2420 526 2484 naturales
545 2422 578 2483 et
596 2419 810 2501 necessariae,
833 2418 986 2500 alterum,
1011 2440 1091 2502 quae

83 2505 248 2569 naturales
272 2509 381 2570 essent
399 2528 459 2570 nec
480 2508 591 2570 tamen
607 2506 820 2587 necessariae,
841 2506 987 2588 tertium,
1010 2528 1092 2590 quae

84 2614 143 2657 nec
169 2592 336 2656 naturales
364 2614 423 2657 neo
444 2593 653 2657 necessariae.
699 2592 840 2669 Quarum
865 2613 903 2656 ea
925 2594 1008 2657 ratio
1032 2597 1092 2678 est,

84 2683 121 2744 ut
142 2679 340 2744 necessariae
362 2701 421 2744 neo
444 2700 543 2763 opera
564 2680 668 2744 multa
688 2701 748 2744 neo
771 2681 919 2762 impensa
941 2681 1090 2764 explean-

84 2771 151 2853 tur,
172 2789 213 2831 ne
235 2767 398 2832 naturales
422 2767 551 2850 quidem
573 2768 676 2832 multa
698 2767 896 2850 desiderant,
918 2770 1091 2851 propterea
1108 2788 1145 2840 46

84 2855 168 2940 quod
198 2856 270 2939 ipsa
301 2858 420 2919 natura
451 2854 594 2934 divitias,
629 2855 744 2939 quibus
777 2858 929 2920 contenta
966 2857 1022 2938 sit,
1058 2859 1091 2920 et

83 2943 248 3027 parabiles
276 2945 309 3007 et
334 2943 524 3007 terminatas
552 2942 664 3027 habet;
692 2943 837 3008 inanium
865 2947 973 3007 autem
1002 2944 1090 3027 cupi-

85 3032 222 3096 ditatum
252 3052 312 3096 nec
342 3032 456 3095 modus
489 3030 573 3095 ullus
605 3052 665 3095 nec
700 3031 774 3095 finis
805 3031 943 3095 inveniri
973 3035 1090 3114 potest

84 3119 206 3196 Quodsi
236 3120 339 3183 vitam
369 3140 498 3183 omnem
529 3118 713 3202 perturbari
745 3118 889 3184 ridemus
921 3139 1028 3182 errore
1058 3122 1091 3183 et
1102 3125 1144 3188 14

82 3207 265 3289 inscientia,
288 3206 543 3290 sapientiamque
567 3228 636 3271 esse
659 3207 776 3290 solam,
799 3227 880 3290 quae
898 3227 956 3270 nos
977 3228 996 3270 a
1017 3206 1090 3271 libi-

84 3295 195 3360 dinum
225 3295 348 3378 impetu
380 3298 413 3359 et
445 3317 464 3358 a
495 3294 703 3358 formidinum
734 3298 857 3359 terrore
888 3293 1028 3359 vindicet
1057 3299 1091 3359 et

82 3383 185 3466 ipsius
208 3382 357 3447 fortunae
380 3382 503 3446 modice
526 3383 609 3447 ferre
633 3382 746 3447 doceat
768 3381 901 3446 iniurias
929 3385 961 3446 et
984 3383 1088 3446 omnis

83 3473 242 3535 monstret
272 3471 356 3554 vias,
387 3492 469 3554 quae
501 3469 542 3534 ad
575 3469 717 3554 quietem
751 3473 784 3534 et
818 3470 1089 3555 tranquillitatem
