2446 3944
523 223 565 234 -
611 187 676 252 aaa
708 223 765 277 ,-

90 374 124 423 45
144 356 172 421 si
194 377 246 420 res
269 355 459 440 postulabit,
483 359 516 419 et
534 354 699 420 adhibitae
716 357 878 438 pareatur.
915 352 999 418 Nam
1020 354 1155 438 quibus·

144 445 230 527 dam,
259 464 339 527 quos
368 442 462 507 audio
492 443 653 527 sapientes
680 442 811 506 habitos
838 442 874 505 in
902 440 1051 522 Graecia,
1083 443 1154 527 pla·

143 532 247 596 cuisse
270 531 386 615 opinor
408 530 572 595 mirabilia
594 529 751 613 quaedam
774 529 844 612 (sed
866 529 949 593 nihil
973 534 1036 613 est,
1064 531 1155 614 quod

141 619 193 683 illi
214 640 280 684 non
301 623 538 702 persequantur
561 615 727 703 argutiis):
750 617 870 702 partim
888 617 1059 702 fugiendas
1080 639 1153 682 esse

142 707 259 771 nimias
283 707 452 790 amicitias,
474 727 515 770 ne
537 726 667 770 necesse
691 706 734 769 sit
756 727 856 769 unum
879 705 1055 769 sollicitum
1079 727 1152 771 esse

142 815 202 880 pro
225 793 386 878 pluribus;
414 794 494 860 satis
518 815 676 878 superque
700 814 769 858 esse
793 793 856 858 sibi
880 815 1011 858 suarum
1035 793 1153 878 cuique

142 904 264 965 rerum,
291 882 405 946 alienis
432 882 528 946 nimis
557 880 718 966 implicari
745 881 920 946 molestum
948 902 1032 965 esse3
1065 904 1153 946 com·

143 968 365 1034 modissimum
397 991 468 1034 csse
500 992 597 1053 quam
629 968 812 1034 laxissimas
848 969 991 1033 habenas
1028 970 1153 1035 habere

144 1058 317 1139 amicitiae,
341 1079 421 1141 quas
444 1057 496 1123 rel
519 1058 672 1139 adducas,
694 1078 767 1122 cum
789 1056 884 1139 velis,
911 1057 963 1121 vel
986 1057 1153 1142 remittas3

142 1149 240 1231 caput
263 1145 348 1210 enim
371 1167 441 1209 esse
464 1145 504 1210 ad
528 1146 622 1210 beate
645 1144 815 1210 vivendum
840 1145 1061 1229 securitatem,
1087 1169 1153 1230 qua

141 1232 207 1298 frui
233 1255 299 1298 non
325 1233 430 1317 possit
459 1233 598 1316 animus,
626 1233 654 1297 si
682 1235 848 1316 tamquam
876 1233 1039 1317 parturiat
1067 1256 1153 1299 unus

90 1338 124 1388 46
142 1342 202 1406 pro
225 1321 382 1406 pluribus.
427 1320 521 1385 Alios
544 1324 653 1386 autem
676 1320 780 1385 dicere
803 1321 894 1385 aiunt
922 1323 1025 1385 multo
1050 1322 1153 1386 etiam

143 1409 348 1474 inhumanius
386 1405 495 1493 (quem
527 1410 633 1474 locum
665 1408 807 1473 breviter
842 1410 940 1492 paulo
973 1414 1048 1473 ante
1081 1433 1153 1494 per-

143 1496 273 1583 strinxi)
296 1497 449 1581 praesidii
472 1496 711 1580 adiumentique
735 1518 845 1579 causa,
873 1517 938 1562 non
964 1497 1152 1562 benivolen-

140 1585 208 1650 tiae
226 1607 329 1668 neque
352 1584 499 1650 caritatis
522 1585 682 1650 amicitias
706 1606 776 1649 esse
799 1584 1006 1669 expetendas3
1029 1586 1152 1671 itaque,

142 1673 337 1756 utquisque
365 1673 534 1737 minimum
560 1672 726 1737 firmitatis
753 1673 888 1737 haberet
915 1673 1152 1758 minimumque

142 1760 272 1842 virium,
304 1761 352 1824 ita
379 1760 539 1826 amicitias
568 1761 718 1844 adpetere
745 1760 898 1843 maxime3
930 1783 968 1824 ex
1000 1782 1037 1825 eo
1070 1763 1152 1840 fieri,

142 1851 179 1912 ut
201 1848 408 1912 mulierculae
432 1849 537 1934 magis
560 1849 775 1937 amicitiarum
802 1848 963 1932 praesidia
991 1854 1151 1932 quaerant

143 1957 240 2019 quam
257 1935 320 1999 viri
339 1938 371 1999 et
390 1936 501 2019 inopes
521 1958 618 2020 quam
635 1936 781 2019 opulenti
799 1940 831 2000 et
851 1936 1033 2001 calamitosi
1052 1959 1151 2021 quarn

90 2041 123 2089 47
142 2023 175 2106 ii,
190 2023 244 2106 qui
258 2026 413 2108 putentur
426 2023 523 2088 beati.
550 2023 577 2088 Ο
590 2025 790 2108 praeclaram
805 2025 1010 2107 sapientiam!
1040 2023 1151 2091 Solem

142 2110 228 2176 enim
251 2133 267 2175 e
292 2111 409 2175 mundo
432 2112 549 2176 tollere
572 2111 732 2188 videntur,
761 2111 816 2194 qui
839 2112 1016 2177 amicitiam
1040 2135 1057 2178 e
1081 2115 1151 2179 vita

141 2199 271 2282 tollunt,
294 2219 358 2281 qua
380 2199 462 2262 nihil
486 2221 505 2263 a
529 2199 577 2262 dis
600 2199 828 2263 inmortalibus
848 2200 962 2264 melius
981 2202 1150 2280 habemus

142 2286 224 2350 nihil
242 2286 420 2350 iucundius
456 2285 544 2361 Quae
563 2290 612 2350 est
631 2288 716 2351 enim
734 2287 798 2350 ista
817 2288 998 2354 securitas?
1035 2287 1149 2372 Specie

142 2373 271 2457 quidem
298 2373 431 2452 blanda,
464 2374 520 2438 sed
547 2396 660 2459 reapse
687 2375 800 2439 multis
829 2376 909 2441 locis
941 2377 1148 2460 repudianda.

141 2460 255 2545 Neque
282 2462 367 2525 enim
395 2465 444 2526 est
471 2467 720 2528 consentaneum
747 2464 850 2528 ullam
877 2463 1048 2528 honestam
1079 2488 1149 2530 rem

143 2551 355 2633 actionemve,
382 2571 423 2614 ne
452 2551 611 2615 sollicitus
640 2552 697 2635 sis,
726 2555 782 2615 aut
808 2573 874 2616 non
902 2555 1063 2636 suscipere
1091 2559 1149 2618 aut

142 2641 326 2721 susceptam
353 2637 519 2722 deponere.
565 2637 686 2713 Quodsi
714 2661 824 2704 curam
853 2639 1010 2725 fugimus,
1041 2641 1148 2706 virtus

141 2726 295 2812 fugienda
322 2729 384 2807 est,
413 2748 494 2809 quae
520 2748 651 2792 necesse
678 2731 728 2791 est
755 2749 827 2792 cum
856 2728 964 2811 aliqua
991 2749 1068 2793 cura
1095 2751 1148 2794 res

143 2816 206 2879 sibi
238 2814 417 2879 contrarias
450 2819 639 2898 aspernetur
671 2818 768 2898 atque
800 2815 917 2897 oderit,
948 2819 985 2880 ut
1017 2816 1148 2882 bonitas

142 2902 311 2984 malitiam,
334 2902 550 2985 temperantia
572 2902 762 2986 lubidinem,
785 2903 950 2988 ignaviam
972 2903 1149 2989 fortitud03

141 2992 251 3074 itaque
274 2989 384 3054 videas
407 2990 502 3054 rebus
525 2990 654 3070 iniustis
676 2991 779 3056 iustos
804 2991 941 3055 maxime
960 2992 1079 3075 dolere,
1101 2993 1149 3057 in·

142 3079 282 3143 bellibus
309 3077 426 3158 fortes
453 3077 625 3162 flagitiosis
653 3079 825 3143 modestos.
870 3079 959 3165 Ergo
987 3079 1049 3145 hoc
1073 3103 1149 3164 pro·

140 3168 248 3250 prium
267 3169 316 3230 est
336 3165 436 3230 animi
453 3166 534 3230 bene
552 3167 731 3249 constituti,
752 3171 785 3231 et
803 3167 919 3231 laetari
937 3168 1031 3232 bonis
1050 3169 1149 3235 rebus

89 3269 122 3320 48
142 3258 175 3318 et
198 3254 306 3318 dolere
332 3253 512 3319 contrariis.
558 3252 661 3329 Quam
688 3255 729 3318 ob
758 3276 839 3338 rem,
867 3255 895 3319 si
922 3255 1008 3320 cadit
1034 3256 1071 3320 in
1099 3279 1150 3322 sa·

140 3341 282 3426 piantem
306 3341 406 3405 animi
429 3341 534 3420 dolor,
558 3342 613 3425 qui
635 3341 781 3426 profecto
805 3343 906 3426 cadit,
928 3344 993 3407 nisi
1015 3366 1054 3408 ex
1078 3346 1149 3411 eius

141 3429 248 3493 animo
268 3429 462 3513 extirpatam
476 3429 712 3494 humanitatem
729 3431 934 3515 arbitramur,
954 3453 1035 3515 quae
1050 3455 1151 3499 causa

69 3520 200 3720 'est
218 3539 273 3583 cur
293 3516 469 3581 amicitiam
487 3516 632 3583 funditus
651 3519 805 3584 tollamus
825 3543 842 3584 e
861 3520 938 3605 vita,
959 3541 1000 3584 ne
1019 3521 1150 3606 aliquas
1187 3586 1191 3597 ,
