2446 3944
453 212 695 278 -323—

69 374 295 459 cupiditatem,
323 373 359 437 in
385 373 517 458 optimis
545 373 725 458 quibusque
752 374 885 440 honoris
914 380 1077 442 certamen

70 466 103 527 et
135 461 273 547 gloriae;
305 482 344 525 ex
375 482 438 544 quo
466 461 652 526 inimicitias
680 463 838 527 maximas
867 484 962 549 saepe
990 465 1076 529 inter

70 549 284 614 amicissimos
312 549 483 613 exstitisse.
528 548 649 635 Magna
676 550 775 615 etiam
798 550 932 616 discidia
955 555 988 616 et
1010 553 1076 637 ple
1094 569 1130 624 01

69 658 205 720 rumque
218 636 306 700 iusta
317 636 416 721 nasci,
434 659 506 701 cum
521 637 644 721 aliquid
657 638 699 702 ab
714 638 834 723 amieis,
852 640 938 722 quod
951 643 1077 706 rectum

69 747 136 790 non
158 729 257 809 esset,
283 725 518 808 postularetur,
547 728 584 789 ut
607 729 664 790 aut
686 725 830 790 libidinis
853 727 997 792 ministri
1019 731 1076 792 aut

71 813 233 878 adiutores
266 815 375 877 essent
407 812 449 878 ad
478 813 645 896 iniuriam,
677 813 762 897 quod
794 814 850 898 qui
881 819 1076 900 recusarent,

70 900 218 985 quamvis
241 900 376 964 honeste
398 900 432 963 id
453 900 611 984 facerent,
633 901 683 964 ius
706 904 818 965 tamen
839 902 1001 967 amicitiae
1025 903 1076 968 de·

71 1010 175 1053 serere
194 991 406 1073 arguerentur
424 988 465 1052 ab
484 989 533 1072 iis,
552 989 668 1071 quibus
683 988 818 1072 obsequi
830 990 965 1055 nollent.
994 989 1075 1056 Illos

70 1081 187 1154 autem,
207 1075 262 1158 qui
280 1075 407 1159 quidvis
427 1076 468 1140 ab
485 1076 588 1141 amico
603 1075 758 1140 auderent
771 1077 946 1161 postulare,
965 1082 1075 1161 postu-

69 1163 192 1228 latione
214 1163 286 1248 ipsa
308 1163 455 1249 profiteri
478 1164 586 1228 omnia
605 1185 639 1228 se
658 1164 868 1248 amicicausa
886 1186 956 1229 0110
974 1165 1075 1230 factu·
1115 1192 1117 1196 ·

68 1273 132 1317 101.
176 1249 300 1315 Eorum
328 1252 459 1334 querela
485 1251 666 1316 inveterata
692 1273 759 1316 non
785 1252 881 1318 modo
907 1252 1075 1317 familiari-

69 1343 155 1404 tates
174 1338 336 1424 exstingui
354 1339 466 1422 solere,
486 1340 542 1404 sed
560 1340 634 1404 odia
652 1339 750 1404 etiam
765 1340 857 1424 gigni
871 1340 1074 1424 sempiterna.

69 1426 158 1491 Haec
171 1427 220 1490 ita
233 1426 338 1490 multa
352 1427 446 1510 quasi
457 1427 528 1492 fata
541 1427 713 1512 inpendere
732 1427 892 1512 amicitiis,
909 1432 947 1492 ut
966 1429 1076 1493 omnia

71 1513 293 1598 subterfugere
311 1535 378 1578 non
395 1515 491 1579 modo
510 1515 697 1600 sapientiae,
715 1515 772 1579 sed
790 1514 889 1580 etiam
906 1516 1074 1580 felicitatis

26 1650 33 1663 .
74 1603 194 1667 diceret
217 1601 281 1665 sibi
301 1601 413 1666 videri.
458 1622 460 1628 ·

136 1688 240 1764 Quam
258 1689 300 1753 ob
323 1711 392 1754 rem
410 1689 443 1752 id
461 1689 602 1773 primum
619 1689 795 1773 videamus,
818 1689 846 1754 si
863 1691 980 1776 placet,
998 1675 1127 1800 qua-13}

69 1782 164 1842 tenus
187 1798 279 1841 amor
300 1777 335 1839 in
358 1776 503 1842 amicitia
529 1777 682 1862 progredi
709 1777 833 1842 debeat.
877 1777 1019 1857 Numne,
1046 1779 1075 1843 si

70 1864 261 1931 Coriolanus
283 1864 400 1928 habuit
417 1865 551 1949 amicos,
573 1863 657 1929 ferre
680 1870 793 1930 contra
815 1866 956 1949 patriam
984 1889 1075 1931 arma

68 1953 121 2017 illi
142 1975 215 2017 cum
234 1951 408 2017 Coriolano
432 1952 632 2017 debuerunt?
654 1975 732 2017 num
754 1951 956 2018 Vecellinum
979 1954 1074 2020 amici

69 2061 206 2125 regnum
229 2040 443 2123 adpetentem,
465 2062 543 2104 num
565 2038 718 2105 Maelium
742 2039 920 2105 debuerrmt
941 2042 1074 2108 iuvare?

69 2128 140 2192 Tib.
177 2128 306 2212 quidem
338 2127 518 2192 Gracchum
550 2149 618 2193 rem
654 2128 818 2212 publicam
849 2133 1022 2195 vexantem
1054 2149 1125 2198 111

69 2214 106 2291 Q.
129 2215 298 2281 Tuberone
321 2216 572 2299 aequalibusque
596 2216 707 2280 amicis
735 2216 923 2281 derelictum
946 2217 1073 2283 videba-

69 2325 151 2368 mus.
182 2303 229 2366 At
243 2302 277 2390 G.
291 2302 439 2368 Blossius
455 2301 626 2386 Cumanus,
644 2304 762 2389 hospes
780 2304 925 2369 familiae
938 2309 1075 2389 vestrae,

69 2389 234 2474 Scaevola,
252 2413 350 2475 quom
369 2390 410 2455 ad
423 2413 484 2475 me,
498 2391 583 2474 quod
598 2391 728 2455 aderam
742 2390 878 2456 Laenati
896 2395 928 2456 01
942 2391 1074 2477 Rupilio

69 2479 256 2544 consulibus
279 2479 314 2542 in
336 2478 485 2562 consilio,
512 2479 717 2562 deprecatum
739 2479 895 2563 venisset,
917 2479 1015 2562 hanc,
1037 2483 1074 2544 ut

69 2566 134 2631 sibi
159 2566 373 2651 ignoscerem,
405 2587 535 2631 causam
568 2565 746 2650 adferebat,
778 2567 864 2649 quod
891 2568 977 2630 tanti
1002 2568 1073 2632 Tib.

69 2653 251 2719 Gracchum
268 2654 407 2737 fecisset,
429 2657 477 2737 ut,
500 2652 654 2736 quidquid
671 2653 728 2717 ille
746 2654 856 2737 vellet,
877 2653 939 2717 sibi
956 2654 1074 2718 facien·

68 2742 146 2806 dum
168 2746 307 2827 putaret.
352 2741 379 2804 Τ
402 2764 436 2804 m
459 2762 533 2826 ego:
557 2739 764 2824 ‘Etiamne
786 2741 879 2805 site
901 2740 941 2804 in
963 2740 1074 2824 Gapi·

67 2829 207 2893 tolium
230 2829 335 2894 faces
357 2829 375 2892 f
420 2850 459 2892 10
482 2827 641 2893 vellet?'
682 2826 936 2912 ‘Numquam',
958 2828 1073 2912 inquit,

69 2916 277 2982 ‘voluisset
300 2916 338 2981 id
360 2917 523 3000 quidem3
550 2916 615 2979 sed
642 2915 903 2998 11101111101,
925 2916 1073 2999 paruis-

68 3003 167 3068 sem?
197 3002 335 3089 Videtis,
353 3026 450 3088 quam
468 3003 592 3067 nefaria
609 3005 685 3068 vox!
721 3002 766 3067 Et
783 3003 912 3068 hercule
930 3003 979 3067 ita
995 3003 1073 3069 fecit

66 3093 120 3156 101
143 3092 217 3177 plus
241 3093 348 3176 etiam,
372 3109 469 3176 quam
492 3091 586 3174 dixit3
612 3112 678 3160 non
706 3091 790 3155 enim
817 3090 927 3177 paruit
949 3090 1006 3155 ille
1024 3091 1071 3156 rt.

68 3178 207 3245 Gracchi
229 3180 416 3264 temeritati,
439 3179 495 3244 sed
512 3178 661 3264 praefuit,
683 3200 742 3244 nec
761 3201 795 3243 10
816 3178 966 3244 comitem
984 3178 1072 3243 illius

65 3267 197 3352 furoris,
216 3269 272 3332 sed
290 3267 401 3333 ducem
419 3266 577 3352 praebuit.
609 3265 723 3350 Itaque
741 3268 802 3331 hac
821 3266 963 3331 amentia
979 3289 1073 3350 quae-

68 3355 175 3420 stione
197 3377 282 3420 1010
302 3355 495 3440 perterritus
518 3355 553 3419 in
575 3354 689 3418 Asiam
711 3355 873 3440 profugit,
897 3355 938 3419 ad
960 3355 1071 3420 hostes

67 3465 102 3508 se
126 3443 273 3526 contulit,
295 3464 416 3527 poenas
439 3443 486 3507 rei
508 3442 656 3528 publicae
680 3462 795 3527 graves
816 3443 983 3526 iustasque
1002 3466 1072 3527 per-

65 3531 176 3597 solvit.
220 3529 321 3597 Nulla
348 3534 398 3596 est
424 3530 525 3616 igitur
552 3531 715 3596 excusatio
744 3530 884 3617 peccati,
916 3531 944 3595 si
977 3531 1072 3596 amici

862 3631 918 3692 ni*
