<?xml version="1.0" encoding="UTF-8"?>
<!DOCTYPE html PUBLIC "-//W3C//DTD XHTML 1.0 Transitional//EN"
    "http://www.w3.org/TR/xhtml1/DTD/xhtml1-transitional.dtd">
<html xmlns="http://www.w3.org/1999/xhtml" xml:lang="en" lang="en">
 <head>
  <title>
</title>
<meta http-equiv="Content-Type" content="text/html;charset=utf-8" />
  <meta name='ocr-system' content='tesseract 3.04.00' />
  <meta name='ocr-capabilities' content='ocr_page ocr_carea ocr_par ocr_line ocrx_word'/>
</head>
<body>
  <div class='ocr_page' id='page_1' title='image "./cicerosphilosop00cicegoog_0427.png"; bbox 0 0 2446 3944; ppageno 0'>
   <div class='ocr_carea' id='block_1_1' title="bbox 460 213 700 278">
    <p class='ocr_par' dir='ltr' id='par_1_1' title="bbox 460 213 700 278">
     <span class='ocr_line' id='line_1_1' title="bbox 460 213 700 278; baseline 0.004 -1"><span class='ocrx_word' id='word_1_1' title='bbox 460 213 700 278; x_wconf 83' lang='lat'>-411-</span> 
     </span>
    </p>
   </div>
   <div class='ocr_carea' id='block_1_2' title="bbox 7 372 1141 1419">
    <p class='ocr_par' dir='ltr' id='par_1_2' title="bbox 82 372 1141 982">
     <span class='ocr_line' id='line_1_2' title="bbox 82 372 1087 458; baseline 0 -21"><span class='ocrx_word' id='word_1_2' title='bbox 82 375 147 438; x_wconf 90' lang='lat' dir='ltr'>nisi</span> <span class='ocrx_word' id='word_1_3' title='bbox 175 375 282 438; x_wconf 89' lang='lat' dir='ltr'>omnia</span> <span class='ocrx_word' id='word_1_4' title='bbox 308 375 409 439; x_wconf 89' lang='lat' dir='ltr'>videri</span> <span class='ocrx_word' id='word_1_5' title='bbox 437 373 544 437; x_wconf 89' lang='lat' dir='ltr'>subita</span> <span class='ocrx_word' id='word_1_6' title='bbox 570 374 707 456; x_wconf 87' lang='lat' dir='ltr'>maiora,</span> <span class='ocrx_word' id='word_1_7' title='bbox 737 377 770 438; x_wconf 90' lang='lat' dir='ltr'>et</span> <span class='ocrx_word' id='word_1_8' title='bbox 792 373 984 458; x_wconf 89' lang='lat' dir='ltr'>quidemob</span> <span class='ocrx_word' id='word_1_9' title='bbox 1008 372 1087 437; x_wconf 92' lang='lat' dir='ltr'>duas</span> 
     </span>
     <span class='ocr_line' id='line_1_3' title="bbox 83 461 1088 546; baseline -0.001 -21"><span class='ocrx_word' id='word_1_10' title='bbox 83 483 209 543; x_wconf 83' lang='lat' dir='ltr'><strong>causas,</strong></span> <span class='ocrx_word' id='word_1_11' title='bbox 240 462 380 544; x_wconf 91' lang='lat' dir='ltr'>primum</span> <span class='ocrx_word' id='word_1_12' title='bbox 413 461 511 546; x_wconf 92' lang='lat' dir='ltr'>quod,</span> <span class='ocrx_word' id='word_1_13' title='bbox 549 466 671 545; x_wconf 90' lang='lat' dir='ltr'>quanta</span> <span class='ocrx_word' id='word_1_14' title='bbox 702 462 781 544; x_wconf 93' lang='lat' dir='ltr'>sint,</span> <span class='ocrx_word' id='word_1_15' title='bbox 813 482 894 545; x_wconf 89' lang='lat' dir='ltr'>quae</span> <span class='ocrx_word' id='word_1_16' title='bbox 931 461 1088 543; x_wconf 87' lang='lat' dir='ltr'>accidunt,</span> 
     </span>
     <span class='ocr_line' id='line_1_4' title="bbox 84 548 1089 633; baseline 0 -22"><span class='ocrx_word' id='word_1_17' title='bbox 84 548 306 613; x_wconf 89' lang='lat' dir='ltr'>considerandi</span> <span class='ocrx_word' id='word_1_18' title='bbox 329 550 471 631; x_wconf 88' lang='lat' dir='ltr'>spatium</span> <span class='ocrx_word' id='word_1_19' title='bbox 493 570 560 613; x_wconf 94' lang='lat' dir='ltr'>non</span> <span class='ocrx_word' id='word_1_20' title='bbox 583 548 690 632; x_wconf 88' lang='lat' dir='ltr'>datur,</span> <span class='ocrx_word' id='word_1_21' title='bbox 716 548 840 633; x_wconf 88' lang='lat' dir='ltr'>deinde,</span> <span class='ocrx_word' id='word_1_22' title='bbox 867 571 940 612; x_wconf 90' lang='lat' dir='ltr'>cum</span> <span class='ocrx_word' id='word_1_23' title='bbox 962 548 1089 612; x_wconf 86' lang='lat' dir='ltr'>videtur</span> 
     </span>
     <span class='ocr_line' id='line_1_5' title="bbox 83 636 1089 720; baseline 0 -22"><span class='ocrx_word' id='word_1_24' title='bbox 83 636 269 718; x_wconf 82' lang='lat' dir='ltr'>praecaveri</span> <span class='ocrx_word' id='word_1_25' title='bbox 295 637 453 720; x_wconf 86' lang='lat' dir='ltr'>potuisse,</span> <span class='ocrx_word' id='word_1_26' title='bbox 481 636 508 699; x_wconf 91' lang='lat' dir='ltr'>si</span> <span class='ocrx_word' id='word_1_27' title='bbox 539 637 706 720; x_wconf 77' lang='lat' dir='ltr'>provisum</span> <span class='ocrx_word' id='word_1_28' title='bbox 738 640 837 718; x_wconf 91' lang='lat' dir='ltr'>esset,</span> <span class='ocrx_word' id='word_1_29' title='bbox 869 636 962 720; x_wconf 82' lang='lat' dir='ltr'><strong>quasi</strong></span> <span class='ocrx_word' id='word_1_30' title='bbox 994 636 1089 718; x_wconf 91' lang='lat' dir='ltr'>culpa</span> 
     </span>
     <span class='ocr_line' id='line_1_6' title="bbox 84 722 1141 809; baseline 0.002 -23"><span class='ocrx_word' id='word_1_31' title='bbox 84 726 284 787; x_wconf 90' lang='lat' dir='ltr'>contractum</span> <span class='ocrx_word' id='word_1_32' title='bbox 302 723 424 788; x_wconf 91' lang='lat' dir='ltr'>malum</span> <span class='ocrx_word' id='word_1_33' title='bbox 444 724 677 809; x_wconf 77' lang='lat' dir='ltr'>aegritudinem</span> <span class='ocrx_word' id='word_1_34' title='bbox 696 724 851 787; x_wconf 90' lang='lat' dir='ltr'>acriorem</span> <span class='ocrx_word' id='word_1_35' title='bbox 873 724 959 787; x_wconf 86' lang='lat' dir='ltr'>facit.</span> <span class='ocrx_word' id='word_1_36' title='bbox 997 722 1089 799; x_wconf 82' lang='lat' dir='ltr'>Quod</span> <span class='ocrx_word' id='word_1_37' title='bbox 1107 738 1141 788; x_wconf 85' lang='lat'>53</span> 
     </span>
     <span class='ocr_line' id='line_1_7' title="bbox 84 810 1090 895; baseline 0.001 -22"><span class='ocrx_word' id='word_1_38' title='bbox 84 810 132 873; x_wconf 90' lang='lat' dir='ltr'>ita</span> <span class='ocrx_word' id='word_1_39' title='bbox 154 832 224 875; x_wconf 89' lang='lat' dir='ltr'>esse</span> <span class='ocrx_word' id='word_1_40' title='bbox 247 811 315 875; x_wconf 90' lang='lat' dir='ltr'>dies</span> <span class='ocrx_word' id='word_1_41' title='bbox 338 811 492 893; x_wconf 76' lang='lat' dir='ltr'>declarat,</span> <span class='ocrx_word' id='word_1_42' title='bbox 517 833 598 894; x_wconf 89' lang='lat' dir='ltr'>quae</span> <span class='ocrx_word' id='word_1_43' title='bbox 620 810 795 895; x_wconf 88' lang='lat' dir='ltr'>procedens</span> <span class='ocrx_word' id='word_1_44' title='bbox 819 811 866 874; x_wconf 90' lang='lat' dir='ltr'>ita</span> <span class='ocrx_word' id='word_1_45' title='bbox 889 810 1031 895; x_wconf 86' lang='lat' dir='ltr'>mitigat,</span> <span class='ocrx_word' id='word_1_46' title='bbox 1053 813 1090 874; x_wconf 94' lang='lat' dir='ltr'>ut</span> 
     </span>
     <span class='ocr_line' id='line_1_8' title="bbox 84 897 1090 982; baseline 0.002 -22"><span class='ocrx_word' id='word_1_47' title='bbox 84 898 187 961; x_wconf 89' lang='lat' dir='ltr'>isdem</span> <span class='ocrx_word' id='word_1_48' title='bbox 212 898 308 962; x_wconf 88' lang='lat' dir='ltr'>malis</span> <span class='ocrx_word' id='word_1_49' title='bbox 332 897 537 963; x_wconf 84' lang='lat' dir='ltr'>manentibus</span> <span class='ocrx_word' id='word_1_50' title='bbox 555 920 621 963; x_wconf 91' lang='lat' dir='ltr'>non</span> <span class='ocrx_word' id='word_1_51' title='bbox 639 899 735 963; x_wconf 92' lang='lat' dir='ltr'>modo</span> <span class='ocrx_word' id='word_1_52' title='bbox 756 899 856 962; x_wconf 92' lang='lat' dir='ltr'>leniat</span> <span class='ocrx_word' id='word_1_53' title='bbox 858 921 895 962; x_wconf 92' lang='lat' dir='ltr'>ur</span> <span class='ocrx_word' id='word_1_54' title='bbox 913 898 1090 982; x_wconf 78' lang='lat' dir='ltr'>aegritudo,</span> 
     </span>
    </p>

    <p class='ocr_par' dir='ltr' id='par_1_3' title="bbox 7 985 1090 1419">
     <span class='ocr_line' id='line_1_9' title="bbox 7 985 1089 1071; baseline -0.001 -22"><span class='ocrx_word' id='word_1_55' title='bbox 7 1014 8 1019; x_wconf 44' lang='lat'>¹</span> <span class='ocrx_word' id='word_1_56' title='bbox 85 986 165 1049; x_wconf 89' lang='lat' dir='ltr'>sed</span> <span class='ocrx_word' id='word_1_57' title='bbox 155 1007 190 1048; x_wconf 90' lang='lat' dir='ltr'>m</span> <span class='ocrx_word' id='word_1_58' title='bbox 207 985 367 1069; x_wconf 90' lang='lat' dir='ltr'>plerisque</span> <span class='ocrx_word' id='word_1_59' title='bbox 385 985 483 1050; x_wconf 89' lang='lat' dir='ltr'>tollat</span> <span class='ocrx_word' id='word_1_60' title='bbox 469 989 530 1050; x_wconf 91' lang='lat' dir='ltr'>t.ur</span> <span class='ocrx_word' id='word_1_61' title='bbox 557 985 845 1071; x_wconf 77' lang='lat' dir='ltr'>Karthaginienses</span> <span class='ocrx_word' id='word_1_62' title='bbox 859 986 953 1049; x_wconf 90' lang='lat' dir='ltr'>multi</span> <span class='ocrx_word' id='word_1_63' title='bbox 965 985 1089 1049; x_wconf 87' lang='lat' dir='ltr'>Romae</span> 
     </span>
     <span class='ocr_line' id='line_1_10' title="bbox 85 1072 1090 1158; baseline -0.001 -22"><span class='ocrx_word' id='word_1_64' title='bbox 85 1073 277 1155; x_wconf 84' lang='lat' dir='ltr'>servierunt,</span> <span class='ocrx_word' id='word_1_65' title='bbox 303 1072 493 1138; x_wconf 87' lang='lat' dir='ltr'>Macedones</span> <span class='ocrx_word' id='word_1_66' title='bbox 520 1094 596 1158; x_wconf 91' lang='lat' dir='ltr'>rege</span> <span class='ocrx_word' id='word_1_67' title='bbox 623 1073 720 1138; x_wconf 89' lang='lat' dir='ltr'>Perse</span> <span class='ocrx_word' id='word_1_68' title='bbox 749 1076 858 1156; x_wconf 74' lang='lat' dir='ltr'>capto,</span> <span class='ocrx_word' id='word_1_69' title='bbox 895 1073 961 1137; x_wconf 88' lang='lat' dir='ltr'>vidi</span> <span class='ocrx_word' id='word_1_70' title='bbox 991 1073 1090 1136; x_wconf 90' lang='lat' dir='ltr'>etiam</span> 
     </span>
     <span class='ocr_line' id='line_1_11' title="bbox 84 1123 1090 1244; baseline 0.001 -22"><span class='ocrx_word' id='word_1_71' title='bbox 84 1161 119 1223; x_wconf 94' lang='lat' dir='ltr'>in</span> <span class='ocrx_word' id='word_1_72' title='bbox 140 1123 375 1244; x_wconf 85' lang='lat' dir='ltr'>Pelopoimeso,</span> <span class='ocrx_word' id='word_1_73' title='bbox 404 1182 477 1225; x_wconf 91' lang='lat' dir='ltr'>cum</span> <span class='ocrx_word' id='word_1_74' title='bbox 500 1181 603 1225; x_wconf 89' lang='lat' dir='ltr'>essem</span> <span class='ocrx_word' id='word_1_75' title='bbox 626 1161 823 1238; x_wconf 89' lang='lat' dir='ltr'>adulescens,</span> <span class='ocrx_word' id='word_1_76' title='bbox 852 1160 1007 1243; x_wconf 90' lang='lat' dir='ltr'>quosdam</span> <span class='ocrx_word' id='word_1_77' title='bbox 1031 1157 1090 1223; x_wconf 81' lang='lat' dir='ltr'>Oo-</span> 
     </span>
     <span class='ocr_line' id='line_1_12' title="bbox 83 1210 1090 1331; baseline 0.002 -21"><span class='ocrx_word' id='word_1_78' title='bbox 83 1248 150 1310; x_wconf 88' lang='lat' dir='ltr'>rint</span> <span class='ocrx_word' id='word_1_79' title='bbox 136 1247 232 1312; x_wconf 91' lang='lat' dir='ltr'>thios.</span> <span class='ocrx_word' id='word_1_80' title='bbox 281 1247 325 1311; x_wconf 92' lang='lat' dir='ltr'>Hi</span> <span class='ocrx_word' id='word_1_81' title='bbox 352 1269 394 1331; x_wconf 93' lang='lat' dir='ltr'>po</span> <span class='ocrx_word' id='word_1_82' title='bbox 396 1251 505 1312; x_wconf 89' lang='lat' dir='ltr'>terant</span> <span class='ocrx_word' id='word_1_83' title='bbox 532 1269 643 1312; x_wconf 91' lang='lat' dir='ltr'>omnes</span> <span class='ocrx_word' id='word_1_84' title='bbox 671 1249 782 1312; x_wconf 86' lang='lat' dir='ltr'>eadem</span> <span class='ocrx_word' id='word_1_85' title='bbox 813 1210 871 1311; x_wconf 90' lang='lat' dir='ltr'>illa</span> <span class='ocrx_word' id='word_1_86' title='bbox 898 1247 937 1313; x_wconf 92' lang='lat' dir='ltr'>de</span> <span class='ocrx_word' id='word_1_87' title='bbox 965 1247 1090 1312; x_wconf 91' lang='lat' dir='ltr'>Andro·</span> 
     </span>
     <span class='ocr_line' id='line_1_13' title="bbox 84 1335 401 1419; baseline 0.006 -22"><span class='ocrx_word' id='word_1_88' title='bbox 84 1335 198 1400; x_wconf 89' lang='lat' dir='ltr'>macha</span> <span class='ocrx_word' id='word_1_89' title='bbox 220 1335 401 1419; x_wconf 90' lang='lat' dir='ltr'>deplorare:</span> 
     </span>
    </p>
   </div>
   <div class='ocr_carea' id='block_1_3' title="bbox 242 1456 780 1541">
    <p class='ocr_par' dir='ltr' id='par_1_4' title="bbox 242 1456 780 1541">
     <span class='ocr_line' id='line_1_14' title="bbox 242 1456 780 1541; baseline -0.007 -20"><span class='ocrx_word' id='word_1_90' title='bbox 242 1456 345 1522; x_wconf 88' lang='lat' dir='ltr'>Haec</span> <span class='ocrx_word' id='word_1_91' title='bbox 368 1457 497 1522; x_wconf 83' lang='lat' dir='ltr'>dmnia</span> <span class='ocrx_word' id='word_1_92' title='bbox 519 1458 599 1523; x_wconf 84' lang='lat' dir='ltr'>vidi</span> <span class='ocrx_word' id='word_1_93' title='bbox 624 1507 753 1541; x_wconf 81' lang='lat'><strong><em>.....</em></strong></span> <span class='ocrx_word' id='word_1_94' title='bbox 777 1512 780 1517; x_wconf 80' lang='grc'>,</span> 
     </span>
    </p>
   </div>
   <div class='ocr_carea' id='block_1_4' title="bbox 85 1571 1091 1855">
    <p class='ocr_par' dir='ltr' id='par_1_5' title="bbox 85 1571 1091 1855">
     <span class='ocr_line' id='line_1_15' title="bbox 87 1571 1091 1679; baseline 0 -19"><span class='ocrx_word' id='word_1_95' title='bbox 87 1596 143 1660; x_wconf 90' lang='lat' dir='ltr'>sed</span> <span class='ocrx_word' id='word_1_96' title='bbox 166 1571 232 1659; x_wconf 90' lang='lat' dir='ltr'>iam</span> <span class='ocrx_word' id='word_1_97' title='bbox 255 1597 504 1661; x_wconf 84' lang='lat' dir='ltr'>decantaverant</span> <span class='ocrx_word' id='word_1_98' title='bbox 525 1597 673 1662; x_wconf 86' lang='lat' dir='ltr'>fortasse.</span> <span class='ocrx_word' id='word_1_99' title='bbox 708 1597 758 1661; x_wconf 84' lang='lat' dir='ltr'>Eo</span> <span class='ocrx_word' id='word_1_100' title='bbox 778 1597 864 1660; x_wconf 92' lang='lat' dir='ltr'>enim</span> <span class='ocrx_word' id='word_1_101' title='bbox 882 1600 975 1661; x_wconf 89' lang='lat' dir='ltr'>erant</span> <span class='ocrx_word' id='word_1_102' title='bbox 991 1596 1091 1679; x_wconf 87' lang='lat' dir='ltr'>voltu,</span> 
     </span>
     <span class='ocr_line' id='line_1_16' title="bbox 87 1682 1091 1767; baseline 0.001 -21"><span class='ocrx_word' id='word_1_103' title='bbox 87 1684 247 1767; x_wconf 87' lang='lat' dir='ltr'>oratione,</span> <span class='ocrx_word' id='word_1_104' title='bbox 270 1684 357 1747; x_wconf 92' lang='lat' dir='ltr'>omni</span> <span class='ocrx_word' id='word_1_105' title='bbox 383 1685 508 1767; x_wconf 89' lang='lat' dir='ltr'>reliquo</span> <span class='ocrx_word' id='word_1_106' title='bbox 526 1687 619 1749; x_wconf 87' lang='lat' dir='ltr'>motu</span> <span class='ocrx_word' id='word_1_107' title='bbox 637 1687 670 1748; x_wconf 92' lang='lat' dir='ltr'>et</span> <span class='ocrx_word' id='word_1_108' title='bbox 692 1687 793 1761; x_wconf 88' lang='lat' dir='ltr'>statu,</span> <span class='ocrx_word' id='word_1_109' title='bbox 815 1687 853 1747; x_wconf 92' lang='lat' dir='ltr'>ut</span> <span class='ocrx_word' id='word_1_110' title='bbox 874 1705 929 1748; x_wconf 89' lang='lat' dir='ltr'>eos</span> <span class='ocrx_word' id='word_1_111' title='bbox 949 1682 1091 1767; x_wconf 86' lang='lat' dir='ltr'>Argivos</span> 
     </span>
     <span class='ocr_line' id='line_1_17' title="bbox 85 1768 1091 1855; baseline 0 -21"><span class='ocrx_word' id='word_1_112' title='bbox 85 1773 143 1834; x_wconf 89' lang='lat' dir='ltr'>aut</span> <span class='ocrx_word' id='word_1_113' title='bbox 161 1768 326 1854; x_wconf 83' lang='lat' dir='ltr'>Sicyonios</span> <span class='ocrx_word' id='word_1_114' title='bbox 345 1770 480 1855; x_wconf 88' lang='lat' dir='ltr'>diceres,</span> <span class='ocrx_word' id='word_1_115' title='bbox 503 1772 670 1855; x_wconf 86' lang='lat' dir='ltr'>magisque</span> <span class='ocrx_word' id='word_1_116' title='bbox 687 1792 739 1834; x_wconf 89' lang='lat' dir='ltr'>me</span> <span class='ocrx_word' id='word_1_117' title='bbox 758 1774 925 1834; x_wconf 82' lang='lat' dir='ltr'>moverant</span> <span class='ocrx_word' id='word_1_118' title='bbox 943 1768 1091 1835; x_wconf 79' lang='lat' dir='ltr'>Corinthi</span> 
     </span>
    </p>
   </div>
   <div class='ocr_carea' id='block_1_5' title="bbox 86 1856 1146 3603">
    <p class='ocr_par' dir='ltr' id='par_1_6' title="bbox 86 1856 1146 3603">
     <span class='ocr_line' id='line_1_18' title="bbox 86 1856 1091 1942; baseline 0 -19"><span class='ocrx_word' id='word_1_119' title='bbox 86 1857 193 1923; x_wconf 91' lang='lat' dir='ltr'>subito</span> <span class='ocrx_word' id='word_1_120' title='bbox 232 1861 380 1941; x_wconf 89' lang='lat' dir='ltr'>aspectae</span> <span class='ocrx_word' id='word_1_121' title='bbox 418 1859 595 1940; x_wconf 88' lang='lat' dir='ltr'>parietinae</span> <span class='ocrx_word' id='word_1_122' title='bbox 639 1881 735 1942; x_wconf 88' lang='lat' dir='ltr'>quam</span> <span class='ocrx_word' id='word_1_123' title='bbox 770 1859 858 1941; x_wconf 92' lang='lat' dir='ltr'>ipsos</span> <span class='ocrx_word' id='word_1_124' title='bbox 896 1856 1091 1941; x_wconf 77' lang='lat' dir='ltr'>Corinthios,</span> 
     </span>
     <span class='ocr_line' id='line_1_19' title="bbox 86 1945 1091 2030; baseline 0.001 -22"><span class='ocrx_word' id='word_1_125' title='bbox 86 1967 220 2029; x_wconf 91' lang='lat' dir='ltr'>quorum</span> <span class='ocrx_word' id='word_1_126' title='bbox 251 1946 366 2009; x_wconf 89' lang='lat' dir='ltr'>animis</span> <span class='ocrx_word' id='word_1_127' title='bbox 402 1945 471 2010; x_wconf 88' lang='lat' dir='ltr'>diut</span> <span class='ocrx_word' id='word_1_128' title='bbox 456 1949 552 2010; x_wconf 81' lang='lat' dir='ltr'>turne</span> <span class='ocrx_word' id='word_1_129' title='bbox 585 1948 671 2030; x_wconf 85' lang='lat' dir='ltr'>cogit</span> <span class='ocrx_word' id='word_1_130' title='bbox 658 1947 738 2011; x_wconf 90' lang='lat' dir='ltr'>tatio</span> <span class='ocrx_word' id='word_1_131' title='bbox 771 1945 886 2009; x_wconf 89' lang='lat' dir='ltr'>callum</span> <span class='ocrx_word' id='word_1_132' title='bbox 918 1949 973 2010; x_wconf 86' lang='lat' dir='ltr'>vet</span> <span class='ocrx_word' id='word_1_133' title='bbox 958 1946 1091 2010; x_wconf 88' lang='lat' dir='ltr'>tustatis</span> 
     </span>
     <span class='ocr_line' id='line_1_20' title="bbox 87 2031 1145 2117; baseline 0 -21"><span class='ocrx_word' id='word_1_134' title='bbox 87 2033 272 2098; x_wconf 86' lang='lat' dir='ltr'>obduxerat</span> <span class='ocrx_word' id='word_1_135' title='bbox 326 2033 478 2116; x_wconf 88' lang='lat' dir='ltr'>Legimus</span> <span class='ocrx_word' id='word_1_136' title='bbox 509 2035 628 2098; x_wconf 90' lang='lat' dir='ltr'>librum</span> <span class='ocrx_word' id='word_1_137' title='bbox 661 2031 727 2098; x_wconf 82' lang='lat' dir='ltr'>Olit</span> <span class='ocrx_word' id='word_1_138' title='bbox 713 2033 869 2117; x_wconf 90' lang='lat' dir='ltr'>tomachi,</span> <span class='ocrx_word' id='word_1_139' title='bbox 903 2055 999 2117; x_wconf 90' lang='lat' dir='ltr'>quem</span> <span class='ocrx_word' id='word_1_140' title='bbox 1034 2033 1090 2096; x_wconf 91' lang='lat' dir='ltr'>ille</span> <span class='ocrx_word' id='word_1_141' title='bbox 1109 2055 1145 2104; x_wconf 80' lang='lat'>54</span> 
     </span>
     <span class='ocr_line' id='line_1_21' title="bbox 87 2119 1091 2205; baseline 0.002 -21"><span class='ocrx_word' id='word_1_142' title='bbox 87 2142 198 2184; x_wconf 82' lang='lat' dir='ltr'>eversa</span> <span class='ocrx_word' id='word_1_143' title='bbox 218 2119 418 2205; x_wconf 88' lang='lat' dir='ltr'>Karthagine</span> <span class='ocrx_word' id='word_1_144' title='bbox 441 2121 532 2185; x_wconf 93' lang='lat' dir='ltr'>misit</span> <span class='ocrx_word' id='word_1_145' title='bbox 554 2121 740 2189; x_wconf 88' lang='lat' dir='ltr'>consolandi</span> <span class='ocrx_word' id='word_1_146' title='bbox 764 2142 861 2186; x_wconf 89' lang='lat' dir='ltr'>causa</span> <span class='ocrx_word' id='word_1_147' title='bbox 883 2121 923 2184; x_wconf 88' lang='lat' dir='ltr'>ad</span> <span class='ocrx_word' id='word_1_148' title='bbox 946 2121 1091 2204; x_wconf 84' lang='lat' dir='ltr'>captivos</span> 
     </span>
     <span class='ocr_line' id='line_1_22' title="bbox 87 2206 1092 2293; baseline 0 -21"><span class='ocrx_word' id='word_1_149' title='bbox 87 2209 172 2272; x_wconf 82' lang='lat' dir='ltr'>cives</span> <span class='ocrx_word' id='word_1_150' title='bbox 206 2230 361 2293; x_wconf 81' lang='lat' dir='ltr'>suos3m</span> <span class='ocrx_word' id='word_1_151' title='bbox 392 2230 429 2273; x_wconf 91' lang='lat' dir='ltr'>eo</span> <span class='ocrx_word' id='word_1_152' title='bbox 463 2212 512 2273; x_wconf 89' lang='lat' dir='ltr'>est</span> <span class='ocrx_word' id='word_1_153' title='bbox 542 2208 687 2292; x_wconf 90' lang='lat' dir='ltr'>disputat</span> <span class='ocrx_word' id='word_1_154' title='bbox 653 2210 720 2274; x_wconf 90' lang='lat' dir='ltr'>aio</span> <span class='ocrx_word' id='word_1_155' title='bbox 753 2209 873 2292; x_wconf 89' lang='lat' dir='ltr'>scripta</span> <span class='ocrx_word' id='word_1_156' title='bbox 854 2206 1092 2291; x_wconf 79' lang='lat' dir='ltr'>aOameadis,</span> 
     </span>
     <span class='ocr_line' id='line_1_23' title="bbox 87 2293 1092 2380; baseline 0.001 -21"><span class='ocrx_word' id='word_1_157' title='bbox 87 2317 184 2380; x_wconf 92' lang='lat' dir='ltr'>quam</span> <span class='ocrx_word' id='word_1_158' title='bbox 212 2317 245 2360; x_wconf 89' lang='lat' dir='ltr'>se</span> <span class='ocrx_word' id='word_1_159' title='bbox 275 2296 358 2360; x_wconf 88' lang='lat' dir='ltr'>ait</span> <span class='ocrx_word' id='word_1_160' title='bbox 348 2318 383 2359; x_wconf 90' lang='grc' dir='ltr'>ιιι</span> <span class='ocrx_word' id='word_1_161' title='bbox 410 2298 673 2361; x_wconf 87' lang='lat' dir='ltr'>commentarium</span> <span class='ocrx_word' id='word_1_162' title='bbox 705 2299 769 2360; x_wconf 86' lang='lat' dir='ltr'>rett</span> <span class='ocrx_word' id='word_1_163' title='bbox 740 2296 878 2361; x_wconf 86' lang='lat' dir='ltr'>ttulisse</span> <span class='ocrx_word' id='word_1_164' title='bbox 933 2293 1015 2360; x_wconf 81' lang='lat' dir='ltr'>Cum</span> <span class='ocrx_word' id='word_1_165' title='bbox 1046 2297 1092 2360; x_wconf 92' lang='lat' dir='ltr'>ita</span> 
     </span>
     <span class='ocr_line' id='line_1_24' title="bbox 86 2372 1092 2467; baseline -0.002 -19"><span class='ocrx_word' id='word_1_166' title='bbox 86 2385 229 2467; x_wconf 91' lang='lat' dir='ltr'>positum</span> <span class='ocrx_word' id='word_1_167' title='bbox 256 2386 354 2463; x_wconf 89' lang='lat' dir='ltr'>esset,</span> <span class='ocrx_word' id='word_1_168' title='bbox 386 2383 486 2448; x_wconf 89' lang='lat' dir='ltr'>videri</span> <span class='ocrx_word' id='word_1_169' title='bbox 513 2383 624 2448; x_wconf 89' lang='lat' dir='ltr'>fore</span> <span class='ocrx_word' id='word_1_170' title='bbox 613 2406 649 2447; x_wconf 92' lang='lat' dir='ltr'>m</span> <span class='ocrx_word' id='word_1_171' title='bbox 681 2372 786 2467; x_wconf 83' lang='lat' dir='ltr'>ae&#39;grrt</span> <span class='ocrx_word' id='word_1_172' title='bbox 761 2383 881 2447; x_wconf 89' lang='lat' dir='ltr'>tudine</span> <span class='ocrx_word' id='word_1_173' title='bbox 913 2385 1092 2466; x_wconf 84' lang='lat' dir='ltr'>sapientem</span> 
     </span>
     <span class='ocr_line' id='line_1_25' title="bbox 87 2469 1093 2556; baseline 0 -22"><span class='ocrx_word' id='word_1_174' title='bbox 87 2471 194 2554; x_wconf 90' lang='lat' dir='ltr'>patria</span> <span class='ocrx_word' id='word_1_175' title='bbox 220 2475 328 2554; x_wconf 90' lang='lat' dir='ltr'>capta,</span> <span class='ocrx_word' id='word_1_176' title='bbox 356 2492 437 2556; x_wconf 88' lang='lat' dir='ltr'>quae</span> <span class='ocrx_word' id='word_1_177' title='bbox 465 2469 643 2535; x_wconf 78' lang='lat' dir='ltr'>Carneades</span> <span class='ocrx_word' id='word_1_178' title='bbox 673 2474 784 2535; x_wconf 86' lang='lat' dir='ltr'>contra</span> <span class='ocrx_word' id='word_1_179' title='bbox 813 2470 942 2553; x_wconf 85' lang='lat' dir='ltr'>dixerit,</span> <span class='ocrx_word' id='word_1_180' title='bbox 972 2470 1093 2553; x_wconf 90' lang='lat' dir='ltr'>scripta</span> 
     </span>
     <span class='ocr_line' id='line_1_26' title="bbox 88 2520 1093 2642; baseline -0.001 -21"><span class='ocrx_word' id='word_1_181' title='bbox 88 2562 171 2622; x_wconf 87' lang='lat' dir='ltr'>sunt.</span> <span class='ocrx_word' id='word_1_182' title='bbox 211 2558 316 2623; x_wconf 80' lang='lat' dir='ltr'>Tanta</span> <span class='ocrx_word' id='word_1_183' title='bbox 338 2559 438 2642; x_wconf 87' lang='lat' dir='ltr'>igitur</span> <span class='ocrx_word' id='word_1_184' title='bbox 460 2559 591 2622; x_wconf 90' lang='lat' dir='ltr'>calamit</span> <span class='ocrx_word' id='word_1_185' title='bbox 577 2559 655 2622; x_wconf 87' lang='lat' dir='ltr'>tatis</span> <span class='ocrx_word' id='word_1_186' title='bbox 678 2560 828 2641; x_wconf 89' lang='lat' dir='ltr'>praesent</span> <span class='ocrx_word' id='word_1_187' title='bbox 829 2558 857 2621; x_wconf 91' lang='lat' dir='ltr'>is</span> <span class='ocrx_word' id='word_1_188' title='bbox 813 2520 1011 2621; x_wconf 84' lang='lat' dir='ltr'>tadliibet</span> <span class='ocrx_word' id='word_1_189' title='bbox 997 2561 1050 2620; x_wconf 89' lang='lat' dir='ltr'>tur</span> <span class='ocrx_word' id='word_1_190' title='bbox 1073 2578 1093 2620; x_wconf 88' lang='lat' dir='ltr'>a</span> 
     </span>
     <span class='ocr_line' id='line_1_27' title="bbox 86 2643 1093 2729; baseline -0.002 -21"><span class='ocrx_word' id='word_1_191' title='bbox 86 2645 279 2729; x_wconf 89' lang='lat' dir='ltr'>philosopho</span> <span class='ocrx_word' id='word_1_192' title='bbox 297 2646 466 2728; x_wconf 90' lang='lat' dir='ltr'>medicina,</span> <span class='ocrx_word' id='word_1_193' title='bbox 484 2648 605 2729; x_wconf 89' lang='lat' dir='ltr'>quanta</span> <span class='ocrx_word' id='word_1_194' title='bbox 622 2646 818 2709; x_wconf 87' lang='lat' dir='ltr'>inveteratae</span> <span class='ocrx_word' id='word_1_195' title='bbox 834 2665 874 2708; x_wconf 90' lang='lat' dir='ltr'>ne</span> <span class='ocrx_word' id='word_1_196' title='bbox 894 2643 1093 2708; x_wconf 87' lang='lat' dir='ltr'>desideratur</span> 
     </span>
     <span class='ocr_line' id='line_1_28' title="bbox 87 2731 1092 2817; baseline -0.003 -20"><span class='ocrx_word' id='word_1_197' title='bbox 87 2733 227 2817; x_wconf 90' lang='lat' dir='ltr'>quidem,</span> <span class='ocrx_word' id='word_1_198' title='bbox 259 2755 331 2816; x_wconf 89' lang='lat' dir='ltr'>nec,</span> <span class='ocrx_word' id='word_1_199' title='bbox 364 2734 392 2797; x_wconf 91' lang='lat' dir='ltr'>si</span> <span class='ocrx_word' id='word_1_200' title='bbox 422 2733 546 2817; x_wconf 90' lang='lat' dir='ltr'>aliquot</span> <span class='ocrx_word' id='word_1_201' title='bbox 577 2733 669 2796; x_wconf 91' lang='lat' dir='ltr'>annis</span> <span class='ocrx_word' id='word_1_202' title='bbox 700 2735 776 2816; x_wconf 91' lang='lat' dir='ltr'>post</span> <span class='ocrx_word' id='word_1_203' title='bbox 806 2731 892 2796; x_wconf 87' lang='lat' dir='ltr'>idem</span> <span class='ocrx_word' id='word_1_204' title='bbox 924 2731 980 2794; x_wconf 89' lang='lat' dir='ltr'>ille</span> <span class='ocrx_word' id='word_1_205' title='bbox 1010 2731 1092 2794; x_wconf 91' lang='lat' dir='ltr'>liber</span> 
     </span>
     <span class='ocr_line' id='line_1_29' title="bbox 87 2817 1092 2903; baseline -0.002 -19"><span class='ocrx_word' id='word_1_206' title='bbox 87 2820 223 2903; x_wconf 82' lang='lat' dir='ltr'>captivis</span> <span class='ocrx_word' id='word_1_207' title='bbox 246 2822 365 2884; x_wconf 88' lang='lat' dir='ltr'>missus</span> <span class='ocrx_word' id='word_1_208' title='bbox 388 2823 486 2902; x_wconf 89' lang='lat' dir='ltr'>esset,</span> <span class='ocrx_word' id='word_1_209' title='bbox 508 2820 693 2885; x_wconf 84' lang='lat' dir='ltr'>volneribus</span> <span class='ocrx_word' id='word_1_210' title='bbox 715 2819 908 2903; x_wconf 90' lang='lat' dir='ltr'>mederetur,</span> <span class='ocrx_word' id='word_1_211' title='bbox 932 2817 988 2883; x_wconf 92' lang='lat' dir='ltr'>sed</span> <span class='ocrx_word' id='word_1_212' title='bbox 1010 2818 1092 2883; x_wconf 91' lang='lat' dir='ltr'>cica-</span> 
     </span>
     <span class='ocr_line' id='line_1_30' title="bbox 86 2906 1092 2991; baseline -0.001 -21"><span class='ocrx_word' id='word_1_213' title='bbox 86 2908 228 2972; x_wconf 88' lang='lat' dir='ltr'>tricibus.</span> <span class='ocrx_word' id='word_1_214' title='bbox 283 2906 409 2973; x_wconf 84' lang='lat' dir='ltr'>Sensim</span> <span class='ocrx_word' id='word_1_215' title='bbox 441 2908 527 2971; x_wconf 89' lang='lat' dir='ltr'>enim</span> <span class='ocrx_word' id='word_1_216' title='bbox 558 2911 591 2971; x_wconf 92' lang='lat' dir='ltr'>et</span> <span class='ocrx_word' id='word_1_217' title='bbox 620 2908 852 2991; x_wconf 90' lang='lat' dir='ltr'>pedetemptim</span> <span class='ocrx_word' id='word_1_218' title='bbox 884 2906 1092 2989; x_wconf 90' lang='lat' dir='ltr'>progrediens</span> 
     </span>
     <span class='ocr_line' id='line_1_31' title="bbox 87 2994 1094 3080; baseline -0.002 -22"><span class='ocrx_word' id='word_1_219' title='bbox 87 2998 278 3060; x_wconf 86' lang='lat' dir='ltr'>extenuatur</span> <span class='ocrx_word' id='word_1_220' title='bbox 305 2995 408 3078; x_wconf 94' lang='lat' dir='ltr'>dolor,</span> <span class='ocrx_word' id='word_1_221' title='bbox 435 3016 502 3060; x_wconf 95' lang='lat' dir='ltr'>non</span> <span class='ocrx_word' id='word_1_222' title='bbox 530 3017 593 3080; x_wconf 90' lang='lat' dir='ltr'>quo</span> <span class='ocrx_word' id='word_1_223' title='bbox 621 2997 692 3078; x_wconf 90' lang='lat' dir='ltr'>ipsa</span> <span class='ocrx_word' id='word_1_224' title='bbox 719 3017 770 3059; x_wconf 90' lang='lat' dir='ltr'>res</span> <span class='ocrx_word' id='word_1_225' title='bbox 797 2995 960 3057; x_wconf 88' lang='lat' dir='ltr'>immutari</span> <span class='ocrx_word' id='word_1_226' title='bbox 991 2994 1094 3058; x_wconf 83' lang='lat' dir='ltr'>soleat</span> 
     </span>
     <span class='ocr_line' id='line_1_32' title="bbox 88 3080 1094 3167; baseline -0.003 -21"><span class='ocrx_word' id='word_1_227' title='bbox 88 3086 144 3147; x_wconf 88' lang='lat' dir='ltr'>aut</span> <span class='ocrx_word' id='word_1_228' title='bbox 171 3084 288 3167; x_wconf 90' lang='lat' dir='ltr'>possit,</span> <span class='ocrx_word' id='word_1_229' title='bbox 317 3082 372 3147; x_wconf 88' lang='lat' dir='ltr'>sed</span> <span class='ocrx_word' id='word_1_230' title='bbox 399 3083 444 3165; x_wconf 93' lang='lat' dir='ltr'>id,</span> <span class='ocrx_word' id='word_1_231' title='bbox 474 3083 558 3166; x_wconf 92' lang='lat' dir='ltr'>quod</span> <span class='ocrx_word' id='word_1_232' title='bbox 585 3085 667 3147; x_wconf 89' lang='lat' dir='ltr'>ratio</span> <span class='ocrx_word' id='word_1_233' title='bbox 697 3083 864 3164; x_wconf 88' lang='lat' dir='ltr'>debuerat,</span> <span class='ocrx_word' id='word_1_234' title='bbox 892 3101 969 3144; x_wconf 91' lang='lat' dir='ltr'>usus</span> <span class='ocrx_word' id='word_1_235' title='bbox 992 3080 1094 3164; x_wconf 90' lang='lat' dir='ltr'>docet,</span> 
     </span>
     <span class='ocr_line' id='line_1_33' title="bbox 87 3170 1112 3263; baseline -0.003 -29"><span class='ocrx_word' id='word_1_236' title='bbox 87 3170 213 3235; x_wconf 92' lang='lat' dir='ltr'>minora</span> <span class='ocrx_word' id='word_1_237' title='bbox 236 3192 307 3234; x_wconf 89' lang='lat' dir='ltr'>esse</span> <span class='ocrx_word' id='word_1_238' title='bbox 330 3193 382 3253; x_wconf 91' lang='lat' dir='ltr'>ea,</span> <span class='ocrx_word' id='word_1_239' title='bbox 405 3192 486 3254; x_wconf 91' lang='lat' dir='ltr'>quae</span> <span class='ocrx_word' id='word_1_240' title='bbox 510 3171 576 3234; x_wconf 92' lang='lat' dir='ltr'>sint</span> <span class='ocrx_word' id='word_1_241' title='bbox 598 3172 669 3234; x_wconf 82' lang='lat' dir='ltr'>visa</span> <span class='ocrx_word' id='word_1_242' title='bbox 691 3170 824 3234; x_wconf 87' lang='lat' dir='ltr'>maiora.</span> <span class='ocrx_word' id='word_1_243' title='bbox 917 3222 920 3227; x_wconf 95' lang='lat'><em>.</em></span> <span class='ocrx_word' id='word_1_244' title='bbox 1104 3237 1112 3263; x_wconf 39' lang='grc' dir='ltr'><em>ι</em></span> 
     </span>
     <span class='ocr_line' id='line_1_34' title="bbox 154 3236 1146 3360; baseline -0.002 -38"><span class='ocrx_word' id='word_1_245' title='bbox 154 3257 237 3334; x_wconf 82' lang='lat' dir='ltr'>Quid</span> <span class='ocrx_word' id='word_1_246' title='bbox 274 3279 350 3342; x_wconf 90' lang='lat' dir='ltr'>ergo</span> <span class='ocrx_word' id='word_1_247' title='bbox 387 3280 469 3340; x_wconf 91' lang='lat' dir='ltr'>opus</span> <span class='ocrx_word' id='word_1_248' title='bbox 506 3261 568 3341; x_wconf 87' lang='lat' dir='ltr'>est,</span> <span class='ocrx_word' id='word_1_249' title='bbox 600 3257 683 3320; x_wconf 92' lang='lat' dir='ltr'>dicet</span> <span class='ocrx_word' id='word_1_250' title='bbox 714 3257 845 3339; x_wconf 88' lang='lat' dir='ltr'>aliquis,</span> <span class='ocrx_word' id='word_1_251' title='bbox 1057 3236 1146 3360; x_wconf 63' lang='lat' dir='ltr'>nt25{</span> 
     </span>
     <span class='ocr_line' id='line_1_35' title="bbox 87 3342 961 3428; baseline -0.002 -18"><span class='ocrx_word' id='word_1_252' title='bbox 87 3346 218 3411; x_wconf 91' lang='lat' dir='ltr'>omnino</span> <span class='ocrx_word' id='word_1_253' title='bbox 237 3345 459 3411; x_wconf 90' lang='lat' dir='ltr'>consolatione</span> <span class='ocrx_word' id='word_1_254' title='bbox 477 3345 548 3428; x_wconf 92' lang='lat' dir='ltr'>illa,</span> <span class='ocrx_word' id='word_1_255' title='bbox 567 3366 630 3428; x_wconf 91' lang='lat' dir='ltr'>qua</span> <span class='ocrx_word' id='word_1_256' title='bbox 649 3344 789 3409; x_wconf 89' lang='lat' dir='ltr'>solemus</span> <span class='ocrx_word' id='word_1_257' title='bbox 808 3342 871 3427; x_wconf 88' lang='lat' dir='ltr'>uti,</span> <span class='ocrx_word' id='word_1_258' title='bbox 953 3379 961 3400; x_wconf 91' lang='lat'>·</span> 
     </span>
     <span class='ocr_line' id='line_1_36' title="bbox 87 3430 898 3499; baseline -0.001 -3"><span class='ocrx_word' id='word_1_259' title='bbox 87 3433 230 3499; x_wconf 92' lang='lat' dir='ltr'>dolorem</span> <span class='ocrx_word' id='word_1_260' title='bbox 263 3432 476 3496; x_wconf 87' lang='lat' dir='ltr'>maerentium</span> <span class='ocrx_word' id='word_1_261' title='bbox 509 3430 677 3497; x_wconf 77' lang='lat' dir='ltr'>volumus?</span> <span class='ocrx_word' id='word_1_262' title='bbox 708 3431 772 3495; x_wconf 89' lang='lat' dir='ltr'>hoc</span> <span class='ocrx_word' id='word_1_263' title='bbox 804 3430 855 3495; x_wconf 77' lang='grc' dir='ltr'>θ’</span> <span class='ocrx_word' id='word_1_264' title='bbox 894 3446 898 3453; x_wconf 90' lang='grc'><em>·</em></span> 
     </span>
     <span class='ocr_line' id='line_1_37' title="bbox 86 3518 850 3603; baseline -0.001 -19"><span class='ocrx_word' id='word_1_265' title='bbox 86 3520 243 3586; x_wconf 89' lang='lat' dir='ltr'>habemus</span> <span class='ocrx_word' id='word_1_266' title='bbox 262 3521 296 3583; x_wconf 94' lang='lat' dir='ltr'>in</span> <span class='ocrx_word' id='word_1_267' title='bbox 313 3523 477 3603; x_wconf 91' lang='lat' dir='ltr'>promptu,</span> <span class='ocrx_word' id='word_1_268' title='bbox 494 3519 576 3583; x_wconf 92' lang='lat' dir='ltr'>nihil</span> <span class='ocrx_word' id='word_1_269' title='bbox 596 3522 744 3601; x_wconf 88' lang='lat' dir='ltr'>oportere</span> <span class='ocrx_word' id='word_1_270' title='bbox 763 3518 850 3603; x_wconf 85' lang='lat' dir='ltr'>inop’</span> 
     </span>
    </p>
   </div>
   <div class='ocr_carea' id='block_1_6' title="bbox 0 0 1232 3944">
    <p class='ocr_par' dir='ltr' id='par_1_7' title="bbox 0 0 1232 3944">
     <span class='ocr_line' id='line_1_38' title="bbox 0 0 1232 3944; baseline 0 0"><span class='ocrx_word' id='word_1_271' title='bbox 0 0 1232 3944; x_wconf 95' lang='lat' dir='ltr'> </span> 
     </span>
    </p>
   </div>
  </div>
 </body>
</html>
