2446 3944
468 200 708 264 -217-

83 359 183 424 habet
211 358 421 443 aequitatem,
448 361 485 423 ut
512 379 627 445 agrum
653 359 765 425 multis
793 360 884 426 annis
907 361 1085 427 autetiam

84 445 220 512 saeculis
243 449 318 511 ante
340 467 540 530 possessum,
568 448 624 530 qui
644 448 772 513 nullum
799 448 927 533 habuit,
956 448 1085 534 habeat,

84 534 140 618 qui
162 537 270 598 autem
292 533 419 612 habuit,
442 534 595 599 amittat?
641 535 689 601 Ao
709 539 844 621 propter
865 537 927 602 hoe
949 507 1138 635 iniuriae9g¹⁹5

84 642 185 708 genus
207 620 452 687 Lacedaemonii
473 621 675 705 Lysandrum
702 624 859 708 ephorum
885 625 1085 710 expulenmt,

84 709 184 794 Agim
206 730 332 794 regem,
356 710 441 793 quod
462 730 639 794 numquam
662 715 758 775 antea
781 712 866 796 apud
889 733 944 777 eos
967 712 1106 777 accide'

83 801 149 880 rat,
174 801 382 880 necaverunt,
409 819 510 881 exque
537 819 575 863 eo
602 802 747 881 tempore
774 801 887 864 tantae
908 799 1085 865 discordiae

85 889 212 950 secutae
239 889 327 968 sunt,
359 887 396 949 ut
423 889 456 950 et
482 886 613 969 tyranni
640 887 814 951 existerent
841 890 874 951 et
901 891 1084 972 optumates

85 972 373 1037 exterminarentur
400 975 433 1037 et
459 974 715 1057 praeclarissime
747 975 924 1040 constituta
950 997 1001 1039 res
1028 998 1085 1061 pu-

83 1061 170 1125 blica
196 1061 404 1143 dilaberetur3
435 1082 494 1125 nec
520 1082 596 1126 vero
629 1063 734 1126 solum
766 1062 839 1145 ipsa
870 1062 997 1146 cecidit,
1030 1063 1085 1127 sed

84 1148 183 1213 etiam
205 1148 364 1232 reliquam
386 1147 556 1213 Graeciam
579 1150 694 1215 evertit
717 1150 963 1235 contagionibus
986 1151 1085 1214 malo

84 1258 165 1319 rum,
188 1258 270 1320 quae
291 1235 588 1301 ahacedaemoniis
606 1237 770 1322 profectae
787 1241 960 1302 mananmt
977 1237 1085 1302 latius.

84 1323 189 1399 Quid?
211 1327 341 1389 nostros
360 1323 533 1408 Gracchos,
555 1325 602 1389 Ti.
621 1323 758 1390 Gracchi
776 1325 893 1389 summi
910 1324 974 1391 viri
990 1325 1086 1410 filios,
1203 1370 1207 1379 -

83 1411 230 1477 Africani
255 1415 404 1495 nepotes,
430 1432 537 1476 nonne
564 1412 712 1497 agrariae
738 1413 960 1477 contentiones
983 1412 1085 1498 perdi-

84 1500 222 1564 derunt?
258 1498 306 1563 At
327 1521 403 1565 vero
427 1498 548 1564 Aratus
567 1497 734 1583 Sicyonius
752 1501 821 1564 iure
838 1500 998 1584 laudatur,
1021 1501 1085 1585 qui,
1103 1517 1137 1566 81

84 1609 157 1652 cum
177 1587 246 1652 eius
265 1586 379 1652 civitas
399 1587 634 1672 quinquaginta
652 1608 752 1651 annos
768 1587 946 1670 styrannis
964 1591 1085 1652 tenere

57 1676 59 1682 ’
84 1679 147 1759 tur,
164 1674 329 1758 profectus
345 1674 445 1759 Argis
460 1672 628 1757 Sicyonem
642 1674 842 1740 clandestino
856 1674 993 1740 introitu
1005 1675 1085 1741 urhe

84 1766 135 1826 est
165 1763 306 1846 potitus,
338 1783 473 1846 cumque
503 1765 678 1846 tyrannum
708 1760 875 1827 Nicoclem
906 1761 1084 1847 improviso

85 1850 314 1933 oppressisset,
358 1852 519 1914 sescentos
562 1849 702 1934 exsules,
743 1849 800 1933 qui
838 1849 1086 1933 locupletissimi

83 1937 213 2001 fuerant
240 1937 307 2002 eius
336 1937 492 2017 civitatis,
520 1937 665 2002 restituit
691 1957 823 2021 remque
844 1937 1009 2021 publicam
1033 1937 1085 2002 ad-

85 2025 183 2090 ventu
202 2045 259 2090 suo
277 2025 437 2089 liberavit.
469 2023 531 2089 Sed
549 2047 621 2090 cum
639 2046 792 2110 magnam
815 2025 1087 2091 animadverteret

84 2111 235 2176 inbonis
258 2116 291 2176 et
312 2111 570 2196 possessionibus
593 2112 830 2194 difficultatem,
857 2111 943 2196 quod
965 2115 998 2178 et
1021 2135 1085 2198 eos,

85 2221 165 2283 quos
188 2199 258 2283 ipse
281 2200 481 2283 restituerat,
511 2221 647 2283 qnorum
673 2200 760 2264 bona
787 2199 844 2264 alii
865 2199 1085 2284 possederant,

84 2308 179 2372 egere
201 2286 440 2370 iniquissimum
463 2308 533 2352 esse
547 2287 768 2352 arbitrabatur
790 2291 824 2353 et
850 2287 1085 2374 quinquaginta

83 2395 242 2439 annorum
259 2375 480 2458 possessiones
497 2375 621 2441 moveri
638 2397 705 2440 non
721 2375 818 2439 nimis
833 2396 970 2459 aequum
992 2379 1084 2460 puta-

84 2461 156 2544 bat,
185 2467 359 2546 propterea
385 2462 469 2547 quod
492 2465 561 2528 tam
582 2463 682 2548 longo
705 2463 811 2548 spatio
834 2464 938 2528 multa
960 2463 1085 2528 heredi-

82 2548 217 2626 tatibus,
240 2549 345 2614 multa
367 2551 593 2634 emptionibus,
614 2551 719 2614 multa
741 2550 870 2615 dotibus
890 2552 1085 2616 tenebantur

84 2637 153 2701 sine
180 2636 311 2721 iniuria,
336 2637 490 2703 indicavit
516 2658 620 2720 neque
645 2637 713 2701 illis
740 2637 839 2701 adimi
864 2659 925 2703 neo
951 2638 992 2701 iis
1018 2659 1084 2702 non

84 2724 166 2788 satis
189 2725 269 2807 fieri,
293 2746 429 2808 quorum
450 2724 511 2788 illa
528 2724 667 2806 fuerant,
690 2727 847 2808 oportere.
883 2723 965 2789 Cum
982 2724 1084 2808 igitur
1102 2739 1136 2790 82

85 2811 255 2875 statuisset
282 2833 362 2897 opus
390 2832 460 2875 esse
487 2811 528 2876 ad
555 2832 626 2876 eam
653 2832 721 2875 rem
748 2809 1005 2875 constituendam
1031 2831 1084 2895 pe

85 2899 192 2982 cunia,
223 2898 460 2963 Alexandream
487 2919 521 2962 se
547 2897 708 2983 proficisci
733 2897 817 2962 velle
844 2895 926 2959 dixit
952 2918 1084 2979 remque

84 2986 247 3072 integram
274 2987 315 3052 cd
341 2986 480 3050 reditum
508 3006 601 3050 suum
627 2984 723 3048 iussit
749 3004 831 3067 esse,
858 2983 950 3068 isque
976 2984 1085 3048 celeri-

83 3078 135 3139 ter
158 3075 200 3139 ad
220 3073 453 3156 Ptolomaeum,
477 3095 571 3137 suum
598 3071 769 3155 hospitem,
796 3071 897 3154 venit,
952 3071 986 3135 ui
1013 3074 1084 3136 tum

84 3163 244 3248 regnabat
266 3162 350 3226 alter
371 3165 447 3246 post
466 3159 703 3226 Alexandream
726 3158 896 3225 conditam
929 3156 989 3224 Oui
1011 3181 1084 3225 cum

85 3250 286 3334 exposuisset
313 3249 454 3334 patriam
482 3270 516 3313 se
543 3248 680 3312 liberare
707 3247 791 3312 velle
814 3267 1005 3331 causamque
1029 3248 1084 3313 do·

84 3338 212 3423 cuisset,
234 3357 349 3421 aroge
369 3337 522 3421 opulento
540 3335 591 3401 vir
613 3356 756 3399 summus
774 3333 870 3400 facile
887 3335 1085 3422 impetravit,

84 3429 122 3489 ut
145 3425 259 3510 grandi
280 3423 417 3508 pecunia
440 3423 653 3490 adiuvaretur.
695 3421 798 3498 Quam
820 3443 893 3488 cum
916 3420 1085 3508 Sicyonem
1105 3506 1108 3513 Ι

85 3513 262 3596 attulisset,
290 3510 438 3576 adhibuit
460 3511 523 3576 sibi
544 3511 579 3576 in
601 3510 771 3577 consilium
794 3510 974 3596 quindecim
995 3511 1086 3597 prin·
