2446 3944
445 193 686 258 -165-

60 353 224 419 contemni
246 356 279 418 et
301 353 379 419 reici
401 357 565 438 oportere,
594 353 645 418 sin
668 353 711 418 sit
734 353 910 438 quispiam,
932 354 988 438 qui
1004 337 1067 419 ali·

61 441 139 526 quid
165 440 293 506 tribuat
317 441 494 526 voluptati,
526 441 699 527 diligenter
730 441 760 507 ei
791 441 965 506 tenendum
997 461 1067 506 esse

60 529 130 594 eius
158 527 312 594 fruendae
340 529 480 594 modum.
524 528 639 613 Itaque
666 529 771 594 victus
799 529 969 614 cultusque
999 550 1067 594 cor-

59 616 151 702 poris
177 617 218 681 ad
244 617 465 682 valetudinem
491 616 651 682 referatur
678 622 712 681 et
738 617 779 681 ad
805 617 906 700 vires,
933 638 999 682 non
1026 617 1068 682 ad

59 705 273 789 voluptatem.
309 702 417 788 Atque
437 704 535 769 etiam
549 705 578 769 si
592 704 794 771 considerare
806 705 966 790 volumus,
985 715 1067 789 quae

60 792 105 857 sit
119 793 155 856 in
167 796 285 857 natura
298 793 489 858 excellentia
503 796 536 857 et
549 792 701 878 dignitas,
714 792 952 878 intellegemus,
969 815 1067 877 quam

60 879 107 960 sic
124 884 218 964 turpe
233 880 377 946 diffluere
391 880 519 945 luxuria
537 884 572 945 et
588 881 724 946 delicate
743 903 781 946 ac
798 881 941 946 molliter
958 881 1067 946 vivere

60 989 223 1053 quamquo
244 968 416 1034 honestum
439 989 544 1054 parce,
568 969 782 1052 continenter,
805 989 928 1052 severe,
951 969 1067 1034 sobrie.

127 1055 387 1142 Intellegendum
401 1057 499 1122 etiam
513 1060 564 1121 cst
578 1056 701 1122 duabus
717 1056 810 1140 quasi
822 1078 882 1121 nos
902 1079 921 1120 a
936 1060 1054 1121 natura
1069 1072 1119 1122 107

60 1144 192 1208 indutos
216 1165 286 1209 esse
307 1144 469 1229 personis,
499 1166 635 1228 quarum
662 1167 728 1210 una
754 1143 932 1210 commums
956 1149 1007 1208 est
1029 1165 1068 1209 ex

61 1253 110 1316 eo,
129 1232 215 1315 quod
232 1253 344 1297 omnes
362 1232 536 1317 participes
555 1254 666 1297 sumus
685 1232 822 1298 rationis
836 1231 1068 1317 praestantiae

62 1340 125 1402 que
148 1319 227 1403 eius,
249 1342 313 1404 qua
335 1320 558 1385 antecellimus
582 1320 706 1405 bestiis,
729 1342 748 1384 a
771 1343 836 1404 qua
859 1342 953 1385 omne
971 1319 1068 1384 hone

62 1411 150 1472 stum
173 1407 386 1492 decorumque
408 1407 560 1492 trahitur,
583 1412 617 1473 et
639 1431 678 1472 ex
700 1429 766 1492 qua
782 1409 867 1472 ratio
885 1406 1068 1472 inveniendi

62 1494 162 1560 officii
184 1495 377 1580 exquiritur,
400 1496 505 1560 altera
527 1500 649 1579 autem,
672 1518 754 1579 quae
776 1495 908 1581 proprie
930 1495 1068 1580 singulis

63 1586 114 1647 est
136 1583 269 1648 tributa
304 1581 352 1649 Ut
370 1584 455 1648 enim
475 1585 510 1648 in
532 1584 722 1668 corporibus
745 1604 883 1668 magnae
906 1582 1069 1647 dissimili·

61 1669 190 1735 tudines
209 1675 285 1735 sunt
303 1669 399 1756 (alios
417 1671 562 1735 videmus
581 1671 754 1735 velocitate
773 1671 815 1734 ad
830 1691 968 1753 cursum,
986 1669 1068 1734 alios

60 1758 186 1823 viribus
208 1758 250 1822 ad
272 1758 460 1824 luctandum
482 1759 604 1842 valere,
630 1758 774 1841 itemque
795 1757 831 1822 in
856 1757 972 1822 formis
994 1756 1068 1822 aliis

61 1845 257 1930 dignitatem
287 1846 408 1930 inesse,
440 1845 513 1910 aliis
545 1842 779 1930 venustatem),
811 1846 857 1911 sic
887 1845 924 1909 in
952 1845 1069 1910 animis

61 1934 207 1999 existunt
229 1933 367 1998 maiores
387 1933 486 1998 etiam
503 1933 688 1999 varietates.
724 1932 807 1999 Erat
824 1934 860 1997 in
876 1932 912 1997 1..
926 1930 1055 2017 (lrasso,
1070 1947 1121 1998 108

62 2021 99 2086 in
120 2020 155 2085 1.
178 2021 330 2106 Philippo
358 2022 480 2086 multus
507 2022 613 2106 lepos,
641 2021 746 2086 maior
772 2021 872 2086 etiam
899 2021 1068 2106 magisque

63 2109 102 2174 de
125 2109 287 2174 industria
306 2109 342 2174 in
361 2108 396 2176 0.
415 2108 552 2175 Caesare
570 2108 606 2174 L.
628 2109 711 2194 filio,
734 2112 769 2174 at
791 2109 894 2174 isdem
915 2109 1069 2194 tempori-

61 2197 124 2262 bus
147 2197 182 2261 in
203 2196 246 2262 M.
269 2195 388 2263 Scauro
417 2199 450 2262 et
476 2198 511 2262 in
532 2197 576 2262 M.
598 2197 707 2262 Druso
735 2196 938 2262 adulescente
961 2197 1069 2282 singu-

63 2285 143 2350 laris
167 2286 337 2367 severitas,
363 2286 398 2350 in
420 2283 455 2351 (l.
477 2284 591 2350 Laelio
617 2286 722 2351 multa
748 2285 921 2368 hilaritas,
939 2285 974 2349 iu
1001 2285 1069 2349 eius

62 2372 219 2438 familiari
246 2370 395 2458 Scipione
426 2373 561 2438 ambitio
593 2374 710 2458 maior,
741 2373 810 2438 vita
840 2373 975 2438 tristior.
1020 2372 1069 2437 De

64 2459 197 2526 Graecis
221 2464 330 2527 autem
353 2460 478 2526 dulcem
497 2465 531 2525 et
551 2460 693 2526 facetum
714 2460 888 2544 festivique
912 2460 1069 2525 sermonis

64 2551 162 2632 atque
193 2549 229 2613 in
259 2548 348 2614 omni
378 2549 525 2614 oratione
556 2544 795 2633 simrdatorem,
825 2569 921 2632 quern
947 2553 1070 2632 εἴρωνα

64 2635 180 2701 Graeci
192 2637 411 2719 nominarunt,
429 2633 594 2700 Socratem
613 2636 807 2720 accepimus,
826 2639 939 2701 contra
951 2635 1071 2718 Pytha-

64 2744 181 2810 goram
204 2728 236 2788 et
258 2724 418 2789 Periclem
445 2744 606 2787 summam
629 2723 857 2788 auctoritatem
881 2726 1070 2788 consecutos

64 2812 135 2876 sine
157 2812 226 2876 ulla
248 2811 424 2876 hilaritate.
464 2809 627 2876 Callidum
647 2809 865 2875 Hannibalem
888 2831 928 2874 ex
949 2809 1071 2875 Poeno*-

63 2920 147 2982 rum,
166 2921 205 2963 ex
221 2900 343 2964 nostris
363 2898 496 2964 ducibus
516 2897 552 2974 Q.
568 2898 744 2963 Maximum
764 2897 954 2983 accepimus,
975 2896 1071 2962 facile

64 2987 179 3068 celare,
197 2990 315 3071 tacere,
331 2987 543 3068 dissimulare,
557 2986 714 3069 insidiari,
727 2985 911 3071 praeripere
925 2985 1069 3049 hostium

64 3074 208 3140 consilia.
244 3073 284 3139 In
306 3097 370 3158 quo
392 3096 508 3161 genere
527 3073 642 3140 Graeci
660 3073 912 3140 Themistoclem
935 3077 969 3137 et
990 3072 1071 3137 Phe-

63 3183 177 3227 raeum
197 3161 348 3228 Iasonem
370 3163 485 3228 ceteris
509 3166 728 3247 anteponunt,
747 3163 782 3227 in
803 3161 980 3247 primisque
1002 3182 1071 3225 ver·

64 3252 176 3316 sutum
198 3255 234 3315 et
254 3250 406 3316 callidum
428 3250 550 3315 factum
574 3247 715 3335 Solonis,
739 3250 803 3334 qui,
827 3271 890 3334 quo
914 3254 947 3314 et
970 3249 1071 3314 tutior

64 3338 133 3403 eius
160 3338 230 3404 vita
257 3343 343 3403 esset
370 3342 403 3402 et
429 3340 504 3422 plus
532 3338 699 3423 aliquanto
726 3339 774 3405 rei
800 3337 949 3423 publicae
978 3338 1072 3424 prod·

63 3430 159 3510 esset,
181 3427 288 3492 furere
307 3448 341 3492 se
364 3426 539 3492 simulavit.
575 3425 657 3493 Sunt
679 3427 731 3492 his
754 3427 811 3492 alii
833 3427 974 3492 multum
997 3427 1057 3490 dis-
1074 3439 1128 3492 loa

62 3535 172 3600 pares,
196 3514 359 3600 simplices
378 3518 413 3579 et
434 3515 553 3600 aperti,
575 3515 630 3599 qui
652 3514 735 3580 nihil
759 3537 797 3580 ex
819 3516 962 3601 occulto,
987 3513 1071 3579 nihil
