2446 3944
488 188 728 256 -243-

109 355 169 417 est
200 351 299 416 enim
332 351 437 418 aliud
469 352 616 417 erranti
647 351 748 416 viam
779 374 854 417 non
885 355 1116 436 monstrare,

110 440 209 524 quod
223 439 389 504 Athenis
404 439 737 506 exsecrationibus
755 440 924 525 publicis
944 444 1116 506 sanctum

111 531 182 612 est,
206 527 238 592 si
260 527 332 594 hcc
349 549 424 592 non
443 531 515 612 cst,
538 531 748 613 emptorem
766 528 849 613 pati
868 550 976 594 ruere
995 532 1032 593 et
1050 550 1117 613 per

111 637 279 681 errorem
302 615 343 680 in
365 615 566 680 maximam
585 615 757 681 fraudem
775 616 993 681 incurrere?
1026 615 1116 680 Plus

111 704 226 768 etiarn
250 707 309 768 est
333 725 444 788 quam
465 703 566 768 viam
589 725 663 769 non
687 707 916 787 monstrare3
945 726 1030 769 nam
1059 708 1116 768 est

112 792 297 856 scientem
316 791 355 855 in
374 813 541 857 errorem
563 792 727 856 alterurn
751 791 949 857 inducere?
981 792 1098 878 Dioge·
1113 799 1170 868 (55)

110 901 168 943 nes
192 883 316 945 eontra:
346 878 457 944 ‘Num
484 882 522 945 te
551 901 672 944 emere
699 879 840 1030 coepit,
869 880 932 963 qui
959 901 1004 944 nc
1032 881 1117 945 hor-

111 970 216 1031 tatus
249 967 399 1051 quidem
432 967 513 1032 est?
564 967 654 1051 Ille,
687 989 759 1052 quc
818 989 892 1031 non
923 968 1116 1052 placebat,

111 1054 361 1140 proscripsit,
379 1058 433 1138 tu,
457 1055 555 1140 quod
572 1056 766 1140 placebat,
786 1055 924 1119 emisti.
961 1054 1118 1139 Quodsi,

114 1142 177 1226 qui
204 1143 456 1227 proscribunt
482 1143 619 1207 villam
645 1143 783 1208 bonam
814 1144 985 1226 beneque
1017 1143 1118 1229 aedi·

110 1231 283 1314 ficatam,
314 1253 389 1296 non
422 1230 696 1295 existimantur
722 1230 930 1314 fefellisse,
963 1230 1118 1295 etiamsi

110 1319 183 1382 illa
204 1340 272 1384 nec
294 1319 394 1384 bona
417 1322 560 1385 estnec
579 1319 789 1384 aedificata
807 1319 972 1402 ratione,
995 1319 1117 1384 multo

111 1407 249 1491 minus,
282 1406 346 1490 qui
374 1409 524 1471 domum
552 1428 628 1472 non
654 1407 872 1471 laudarunt.
916 1405 992 1472 Ubi
1020 1407 1142 1471 enims

111 1494 293 1559 iudicium
332 1495 517 1579 emptoris
555 1498 627 1578 est,
663 1494 719 1559 ibi
754 1494 861 1559 fraus
898 1493 1118 1560 venditoris

10 1646 11 1650 ,
113 1603 207 1665 quae
225 1585 357 1667 potest
376 1584 481 1647 esse?
518 1579 584 1646 Sin
603 1585 728 1647 autem
753 1583 895 1647 dictum
917 1603 990 1647 non
1011 1605 1118 1649 omne

110 1669 385 1754 praestandum
403 1673 476 1755 est,
495 1671 594 1754 quod
613 1670 756 1735 dictum
774 1691 848 1735 non
867 1673 938 1753 est,
956 1670 994 1734 id
1009 1692 1118 1755 prae·

112 1758 290 1822 standum
312 1759 451 1843 putas?
498 1757 595 1833 Quid
617 1780 707 1824 vero
732 1761 791 1823 est
817 1758 979 1823 stultius
1008 1780 1118 1842 quam

111 1845 355 1910 venditorem
383 1846 464 1910 eius
491 1845 560 1930 rei,
589 1868 698 1931 quam
725 1846 877 1929 vendat,
909 1845 1007 1911 vitia
1033 1868 1119 1912 nar-

113 1933 223 1998 rare?
247 1932 336 2017 quid
359 1937 485 1998 autem
507 1896 585 1998 tain
613 1933 830 2019 absurdum,
858 1956 967 2018 quam
995 1934 1027 1998 si
1057 1935 1118 2001 do·

113 2020 206 2084 mini
234 2020 341 2086 iussu
367 2021 424 2085 111
451 2043 589 2106 praeco
613 2022 825 2107 praedicet:
856 2020 1030 2087 ‘Domum
1056 2044 1118 2108 pe-

113 2108 310 2173 stilentem
337 2108 509 2174 vendo?''
556 2107 608 2174 Sic
632 2132 709 2194 ergo
731 2110 767 2174 in
790 2110 982 2192 quibusdam
1012 2111 1172 2177 11111116

113 2196 1119 2281 111111111111111111111111111111111111111111,11111111

111 2284 221 2349 11111
244 2285 369 2349 utilitt
319 2288 369 2349 tat
371 2307 387 2349 1
406 2285 531 2370 dicitur,
553 2289 590 2350 ut
606 2285 649 2371 id,
673 2286 812 2370 quodt
775 2308 797 2349 u
798 2286 856 2350 tile
875 2249 1030 2369 videatur,
1052 2308 1118 2352 non

112 2371 207 2437 modo
223 2372 329 2437 facere
347 2372 520 2438 honestum
540 2374 592 2456 sit,
611 2373 667 2439 sed
690 2373 788 2438 etiam
807 2395 872 2438 non
890 2373 996 2438 facere
1014 2377 1119 2458 turpe,

111 2458 201 2525 Haec
224 2463 274 2525 est
295 2460 362 2544 illa,
386 2482 468 2545 quae
490 2461 618 2525 videtur
639 2462 769 2525 utilium
792 2461 862 2525 fieri
880 2482 953 2526 cum
971 2461 1118 2527 honestis

113 2569 208 2632 saepe
232 2546 397 2614 dissensio.
434 2548 522 2624 Quae
546 2548 748 2613 diiudicanda
769 2551 857 2631 sunt3
879 2549 1058 2632 nonenim,
1080 2552 1117 2613 ut

113 2657 352 2719 quaereremus,
375 2637 594 2720 exposuimus,
617 2635 673 2700 111
695 2639 732 2700 ut
755 2636 996 2720 explicaremus.
1042 2635 1117 2700 Non
1130 2652 1170 2702 17

111 2723 213 2809 igitur
239 2723 367 2788 videtur
393 2745 452 2789 nee
478 2723 709 2789 frumentarius
736 2723 793 2787 ille
815 2722 960 2788 Rhodios
982 2745 1041 2788 ncc
1064 2723 1117 2789 hic

112 2811 239 2875 aedium
253 2812 402 2877 venditor
419 2812 523 2877 celare
538 2815 700 2897 emptores
715 2810 870 2875 debuisse.
901 2809 1015 2894 Neque
1032 2810 1117 2875 enim

96 2898 145 2962 vid
163 2902 213 2963 est
232 2900 344 2985 celare,
363 2898 514 2984 quiequid
531 2900 676 2984 reticeas,
695 2898 751 2963 sed
765 2920 846 2980 cum,
866 2896 951 2982 quod
969 2902 1005 2963 tu
1025 2897 1117 2984 scias,

110 2986 144 3050 id
170 2987 322 3072 ignorare
349 2987 559 3053 emolumenti
585 2987 635 3052 tui
657 3008 755 3053 causa
777 2986 857 3052 velis
881 3007 949 3069 eos,
979 3008 1116 3069 quorum

110 3074 241 3138 intersit
263 3076 296 3139 id
319 3076 409 3141 scire.
453 3074 526 3141 Hoc
549 3079 657 3141 autern
681 3074 805 3140 celandi
829 3094 929 3159 genus
954 3075 1049 3157 quale
1073 3075 1116 3140 sit

111 3166 144 3226 et
167 3163 257 3228 cuius
280 3163 434 3248 hominis,
458 3163 530 3247 quis
553 3186 619 3229 non
640 3162 750 3229 videt?
796 3161 891 3228 Certe
913 3184 979 3226 non
1003 3164 1116 3247 aperti,

109 3272 177 3315 non
198 3251 364 3336 simplicis,
386 3273 453 3316 non
474 3251 620 3337 ingenui,
646 3273 712 3316 non
733 3250 825 3334 iusti,
852 3271 918 3314 non
944 3251 1006 3315 viri
1029 3251 1115 3335 boni,

110 3339 233 3404 versuti
246 3339 365 3424 potius,
379 3339 583 3422 obscurit
531 3343 604 3405 astu
606 3340 641 3423 ti,
659 3339 795 3423 fallacis,
813 3338 978 3422 malitiosi,
997 3340 1116 3424 1111111,

110 3427 316 3510 veteratoris,
343 3390 570 3494 1111111111
597 3431 708 3493 111111
736 3427 801 3492 alia
823 3428 919 3511 plura
940 3448 1046 3493 nonne
1068 3428 1116 3497 in-

110 3515 190 3580 utile
214 3519 264 3582 est
286 3515 440 3581 vitiorum
463 3516 571 3582 subire
593 3514 747 3582 nomina?
881 3587 933 3644 16*
1124 3482 1192 3688 ⁴
