2446 3944
543 185 696 250 -480
744 220 782 231 —

157 346 236 410 satis
260 366 417 431 superque
440 344 563 409 dictum
586 347 644 409 est.
690 340 752 408 Sed
776 363 855 408 aveo
879 341 1004 425 audire,
1031 341 1170 426 tuipse,

157 434 263 516 Cotta,
286 433 363 517 quid
383 433 514 498 sentias.
551 433 613 517 An,
635 432 751 516 inquit,
776 430 897 496 oblitus
917 451 960 514 es,
980 429 1059 515 quid
1076 430 1169 497 initio

156 522 300 605 dixerim,
323 521 450 586 facilius
470 542 530 605 me,
553 521 674 586 talibus
693 520 885 604 praesertim
909 518 1074 603 derebus,
1096 519 1170 603 quid

155 633 221 676 non
258 611 424 694 sentirem,
460 632 558 693 quum
591 609 668 693 quid
705 608 872 691 sentirem,
908 628 1005 690 posse
1043 607 1169 672 dicere?

120 715 137 763 3
156 697 279 774 Quodsi
301 698 454 763 haberem
482 697 619 782 aliquid,
647 696 733 781 quod
756 697 906 780 liqueret,
933 699 1046 760 tamen
1068 699 1103 760 te
1126 696 1168 761 vi·

155 787 265 852 cissim
289 787 400 851 audire
422 786 553 870 vellem,
582 807 655 850 cum
682 785 753 869 ipse
780 789 849 850 tam
876 783 982 848 multa
1004 784 1168 849 dixissem.

155 875 238 941 Tum
261 875 397 940 Balbus:
425 873 542 939 Geram
564 874 628 939 tibi
650 895 774 939 morem
797 878 830 938 et
858 892 955 958 agam
978 894 1077 956 quam
1103 874 1168 938 bre

154 964 296 1028 vissume
331 968 459 1048 poter03
495 963 615 1027 etenim
652 961 808 1028 convictis
839 960 973 1044 Epicuri
1005 961 1167 1026 erroribus

154 1053 253 1138 longa
276 1053 315 1117 de
338 1074 411 1116 mea
439 1052 656 1136 disputatione
683 1051 829 1115 detracta
857 1049 962 1114 oratio
987 1054 1047 1114 est.
1094 1049 1168 1115 Om-

154 1142 232 1206 nino
256 1141 403 1205 dividunt
425 1140 529 1205 nostri
551 1143 656 1205 totam
680 1140 778 1204 istam
802 1139 841 1203 de
864 1138 913 1202 dis
936 1138 1167 1203 inmortalibus

155 1230 378 1313 quaestionem
400 1229 435 1293 in
456 1230 560 1313 partis
584 1231 748 1313 quattuor.
792 1227 939 1292 Primum
957 1226 1076 1291 docent
1101 1249 1168 1293 esse

155 1317 241 1400 deos,
264 1317 377 1381 deinde
401 1318 512 1401 quales
536 1317 612 1402 sint,
633 1321 703 1381 tum
727 1316 884 1379 mundum
907 1315 949 1379 ab
972 1314 1013 1379 iis
1035 1315 1168 1380 admini-

155 1405 263 1485 strari,
291 1410 455 1490 postremo
484 1406 652 1471 consulere
680 1425 736 1470 eos
764 1405 860 1469 rebus
890 1403 1072 1478 humanis.¹
1100 1402 1167 1469 Nos
1210 1417 1214 1421 ’

155 1498 264 1559 autern
287 1496 349 1559 hoc
372 1515 529 1579 sermone,
553 1516 634 1579 quae
656 1493 767 1578 priora
790 1493 852 1557 duo
876 1495 961 1571 sunt,
985 1514 1168 1578 sumamus,

153 1583 286 1647 tertium
309 1585 343 1646 et
370 1586 535 1668 quartum,
563 1583 638 1667 quia
665 1581 792 1646 maiora
814 1584 904 1665 sunt,
931 1583 1012 1665 puto
1041 1603 1114 1646 esse
1137 1582 1168 1646 in

154 1671 242 1735 aliud
264 1675 392 1755 tempus
421 1671 604 1736 differenda.
649 1670 782 1735 Minime
809 1691 901 1755 vero,
927 1669 1034 1752 inquit
1057 1668 1167 1754 Cotta3

152 1782 229 1824 nam
249 1763 281 1824 et
299 1760 395 1825 otiosi
415 1782 526 1825 sumus
545 1764 578 1824 et
595 1759 636 1824 iis
655 1759 693 1823 de
711 1759 809 1824 rebus
830 1759 965 1844 agimus,
989 1780 1072 1841 quae
1094 1763 1175 1824 sunt-

27 1856 28 1860 ’
122 1849 253 1964 2etiam
276 1848 417 1934 negotiis
442 1849 695 1933 anteponendae.

220 1936 302 2000 Tum
328 1936 484 2002 Lucilius:
518 1936 568 2002 Ne
601 1957 694 2021 egere
713 1935 851 2019 'quidem
878 1935 1020 2020 videtur,
1052 1935 1167 2021 inquit,
1202 1998 1208 2013 ,

117 2003 135 2052 4
154 2024 301 2088 oratione
319 2025 426 2108 prima
444 2047 529 2110 pars.
564 2024 646 2100 Quid
667 2025 752 2089 enim
771 2027 969 2107 potestesse
988 2026 1058 2088 tam
1078 2047 1166 2108 aper·

152 2116 223 2174 tum
246 2115 376 2196 tamque
394 2114 609 2196 perspicuum,
632 2135 705 2177 cum
724 2113 848 2176 caelum
871 2111 1074 2195 suspeximus
1100 2135 1166 2178 cae·

152 2200 310 2284 lestiaque
337 2200 551 2285 contemplati
578 2223 702 2283 sumus,
733 2223 829 2285 quam
858 2222 927 2265 esse
955 2200 1091 2284 aliquod
1113 2224 1167 2267 nu·

151 2309 225 2352 men
240 2290 538 2371 praestantissimae
554 2290 680 2368 mentis,
700 2311 763 2373 quo
777 2288 858 2354 haec
871 2290 1050 2374 regantur?
1074 2288 1165 2365 Quod

150 2376 186 2528 pp
218 2377 265 2478 ita
298 2381 396 2461 esset,
433 2379 489 2461 qui
520 2378 682 2463 potuisset
713 2377 850 2442 adsensu
886 2378 1032 2442 omnium
1062 2378 1165 2444 dicere

180 2487 290 2530 nn1us:

217 2596 358 2691 Aspice
390 2607 460 2672 hoc
497 2605 660 2673 sublime
698 2606 879 2690 candens,
917 2628 1026 2690 quem
1059 2607 1165 2676 invo-

666 2699 756 2761 cant
779 2697 909 2760 omne‘s
933 2695 1078 2783 Iovem,

151 2836 244 2900 illum
267 2858 343 2902 vero
368 2840 401 2901 et
419 2837 529 2902 lovem
553 2841 585 2902 et
609 2837 846 2902 dominatorem
868 2858 977 2902 rerum
1000 2842 1034 2903 et
1059 2841 1165 2905 omnia

150 2928 232 2988 nutu
254 2931 421 3009 regentem
446 2929 490 3010 et,
514 2930 551 2991 ut
574 2925 658 2991 idem
680 2924 822 3005 Ennius,

318 3052 466 3132 patrem
491 3049 694 3134 divumque
717 3049 991 3133 hominumque

151 3173 184 3234 et
207 3176 412 3255 praesentem
436 3195 473 3238 ac
495 3176 740 3259 praepotentem
765 3173 881 3239 deum?
918 3173 1013 3249 Quod
1037 3176 1095 3259 qui
1114 3176 1167 3241 du·

150 3258 244 3343 bitet,
272 3261 359 3326 haud
382 3283 460 3326 sane
483 3263 653 3350 intellego,
681 3284 738 3327 cur
759 3284 825 3327 non
852 3262 951 3347 idem,
979 3263 1029 3327 sol
1057 3265 1103 3329 sit
1126 3287 1167 3330 an

114 3346 259 3412 cnullus
293 3351 349 3434 sit,
382 3350 530 3415 dubitare
561 3352 676 3435 possit.
726 3349 789 3425 Qui
817 3351 904 3414 enim
936 3354 986 3415 est
1011 3351 1075 3417 hoc
1107 3354 1165 3419 illo

150 3433 351 3502 evidentius?
411 3439 504 3515 Quod
539 3440 603 3504 nisi
642 3440 810 3525 cognitum
846 3439 1166 3526 conprehensumque

194 3521 201 3535 '
238 3524 266 3588 is
298 3526 506 3613 haberemus,
537 3549 605 3593 non
637 3532 706 3594 tam
738 3528 864 3594 stabilis
897 3526 1006 3612 opinio
1038 3551 1166 3615 perma-

92 3659 132 3720 si
