2446 3944
546 201 784 266 -294-

158 368 253 448 lacte,
276 384 379 447 caseo,
402 362 508 427 melle.
548 362 618 426 Iam
640 362 773 427 hortum
796 362 860 448 ipsi
883 363 1044 448 agricolae
1067 362 1170 429 succi-

160 453 246 518 diam
269 452 406 516 alteram
430 450 605 535 appellant.
641 448 831 516 Oonditiora
851 450 932 516 facit
953 451 1033 516 haec
1056 472 1170 536 super·

106 558 140 608 5⁷
158 539 308 607 vacaneis
332 540 430 603 etiam
454 539 559 623 operis
584 539 755 623 aucupium
778 543 875 624 atque
898 538 1036 603 venetic.
1082 538 1170 614 Quid

160 630 199 693 de
230 631 399 712 pratorum
431 626 595 691 viriditate
627 631 684 692 aut
720 627 873 692 arborum
909 627 1075 692 ordinibus
1109 631 1169 692 aut

159 717 326 782 vinearum
358 715 591 780 olivetorumve
628 715 733 799 specie
769 716 865 800 plura
902 715 1028 780 dicam?
1072 714 1169 780 brevi

158 802 355 889 praecidam:
377 802 468 888 Agro
491 804 572 867 bene
595 803 682 867 culto
700 803 783 867 nihil
801 807 910 888 potest
931 825 1001 868 esse
1023 825 1082 868 nec
1104 825 1170 869 usu

159 891 290 957 uberius
301 912 360 955 nec
370 891 474 975 specie
485 891 643 974 ornatius,
658 891 699 955 ad
709 913 804 974 quem
812 891 983 956 fruendum
992 913 1058 955 non
1068 892 1168 956 modo

158 1001 224 1044 non
238 979 391 1062 retardat,
410 979 638 1044 verumetiam
649 978 769 1043 invitat
788 983 885 1063 atque
900 980 1041 1044 adlectat
1060 1001 1169 1045 senec·

159 1071 223 1132 tus.
245 1066 312 1132 Ubi
325 1067 410 1131 enim
424 1071 534 1151 potest
547 1067 606 1130 illa
620 1071 710 1131 aetas
725 1070 782 1131 aut
796 1068 954 1133 calescere
972 1068 1024 1133 vel
1043 1067 1168 1152 aprica·

159 1156 248 1220 tione
280 1155 395 1219 melius
427 1156 480 1220 vel
510 1155 581 1240 igni
612 1159 669 1219 aut
700 1155 843 1221 vicissim
874 1155 999 1220 umbris
1031 1156 1167 1240 aquisve

107 1261 141 1312 ss
160 1242 346 1328 refrigerari
369 1242 553 1307 salubrius?
594 1240 664 1307 Sibi
685 1243 828 1308 habeant
850 1243 952 1328 igitur
975 1265 1079 1327 arma,
1102 1243 1169 1308 sibi

161 1353 273 1415 equos,
302 1331 364 1395 sibi
386 1332 513 1413 hastas,
541 1330 603 1395 sibi
630 1331 756 1396 clavam
784 1334 817 1395 et
842 1331 958 1415 pilam,
986 1330 1048 1395 sibi
1074 1335 1170 1396 nata·

159 1419 265 1484 tiones
290 1423 386 1502 atque
409 1440 530 1503 cursus,
552 1418 646 1483 nobis
671 1419 800 1483 senibus
824 1441 863 1482 ex
885 1419 1065 1484 lusionibus
1085 1421 1170 1483 mul-

159 1507 204 1571 tis
222 1508 309 1572 talos
327 1507 513 1590 relinquant
536 1511 568 1571 et
586 1510 735 1590 tesseras,
760 1507 794 1570 id
815 1507 922 1591 ipsum
945 1510 1055 1571 utrum
1077 1508 1171 1572 lube-

107 1576 149 1702 ἐξ
160 1595 219 1679 bit,
238 1595 389 1678 quoniam
404 1595 472 1659 sine
486 1595 526 1658 iis
540 1596 637 1659 beata
651 1616 721 1659 esse
736 1598 882 1659 senectus
895 1599 1013 1679 potest.
1042 1594 1168 1661 Multas

161 1684 275 1749 adres
298 1684 451 1768 perutiles
475 1683 700 1766 Xenophontis
727 1682 805 1748 libri
832 1687 920 1766 sunt,
949 1705 1028 1768 quos
1056 1683 1169 1769 legite,

160 1791 289 1923 ttttt
313 1771 470 1922 ttius
487 1769 957 1924 ulftlffiltluah⁰tll⁰li
977 1772 1170 1925 lleillgll

159 1945 329 2028 familiari,
353 1946 408 2029 qui
431 1944 661 2011 Oeconomicus
684 1881 884 2012 inscribitur!
929 1947 1038 2031 Atque
1060 1951 1098 2011 ut
1120 1948 1170 2013 in-

160 2032 326 2117 tellegatis
353 2033 437 2097 nihil
465 2033 495 2097 ei
522 2037 590 2098 tam
618 2036 728 2120 regale
760 2036 862 2101 videri
893 2057 990 2118 quam
1023 2036 1169 2100 studium

106 2126 110 2134 ²
160 2119 238 2271 {tt
256 2120 390 2292 still
405 2118 563 2274 llll:
584 2122 1170 2295 tsttlttttlttltltt

159 2295 290 2380 ingenio
314 2300 411 2379 atque
434 2261 703 2383 imperii'gloria,
727 2320 800 2363 cum
822 2261 989 2381 Lysairder
1010 2299 1170 2364 Lacedae-

160 2383 298 2467 monius,
320 2385 371 2448 vir
394 2406 537 2449 summae
560 2385 708 2467 virtutis,
731 2386 873 2450 venisset
896 2386 937 2450 ad
960 2407 1033 2450 eum
1055 2384 1169 2454 Sardis

161 2470 253 2554 eique
285 2472 369 2536 dona
396 2495 416 2536 a
448 2473 543 2538 sociis
576 2473 761 2556 adtulisset,
793 2477 826 2537 et
857 2474 971 2539 ceteris
1002 2474 1170 2541 in-rebus

161 2572 386 2645 comem‘erga
408 2559 610 2644 Lysandrum
637 2565 734 2644 atque
756 2561 934 2626 humanum
956 2562 1057 2626 fuisse
1081 2567 1114 2627 et
1139 2564 1171 2630 ei

161 2647 321 2731 quendam
334 2653 544 2733 consaeptum
564 2670 678 2734 agrum
696 2648 868 2734 diligenter
882 2650 1042 2714 consitum
1062 2654 1171 2717 osten-

162 2736 255 2799 disse.
302 2733 383 2800 Oum
411 2741 520 2801 autem
548 2736 762 2801 admiraretur
784 2736 949 2820 Lysander
973 2742 1005 2802 et
1027 2740 1171 2823 proceri-

160 2827 246 2888 tates
274 2825 427 2889 arborum
454 2829 487 2888 et
514 2825 658 2890 derectos
685 2825 720 2890 in
747 2825 959 2909 quincuncem
982 2826 1111 2891 ordines
1136 2831 1173 2891 et

160 2912 295 2976 humum
319 2914 485 2977 subactam
509 2916 605 2996 atque
623 2935 739 2998 puram
757 2918 790 2978 et
809 2915 1004 2979 suavitatem
1022 2914 1172 2998 odorum,

160 3001 217 3084 qui
246 3000 441 3065 adflarentur
469 3022 506 3064 ex
533 3000 681 3084 floribus,
710 3004 781 3065 tum
808 3025 881 3067 eum
909 3002 1027 3066 dixisse
1055 3003 1172 3068 mirari

161 3110 285 3153 senon
306 3090 401 3153 modo
425 3087 641 3174 diligentiam,
672 3089 728 3152 sed
755 3089 852 3154 etiam
881 3090 1062 3154 sollertiam
1090 3091 1172 3176 eius,

162 3199 267 3258 aquo
291 3179 397 3239 essent
419 3175 477 3240 illa
500 3177 645 3241 dimensa
667 3180 765 3260 atque
793 3177 961 3262 discripta,
989 3182 1022 3242 et
1046 3176 1171 3262 Cyrum

162 3263 377 3346 respondisse:
406 3263 544 3348 ‘Atqui
571 3286 640 3349 ego
668 3265 745 3329 ista
773 3286 853 3330 sum
877 3265 1004 3331 omnia
1027 3265 1173 3331 dimen-

162 3372 240 3433 sus,
270 3351 343 3414 mei
366 3355 453 3414 sunt
477 3352 643 3435 ordines,
671 3374 752 3417 mea
775 3353 995 3439 discriptio,
1022 3355 1172 3420 multae

162 3438 278 3502 etiam
300 3437 463 3503 istarum
487 3439 666 3505 arborum
689 3462 770 3505 mea
792 3464 904 3507 manu
926 3445 1016 3507 sunt
1039 3442 1172 3509 satae?

65 3504 245 3719 W'Pum
262 3526 465 3610 Lysandrum
483 3526 663 3592 intuentem
680 3551 858 3614 purpuram
879 3530 947 3595 eius
971 3533 1004 3595 et
1026 3530 1174 3597 nitorem

95 3659 103 3700 ,
520 3668 523 3673 .
