2446 3944
537 173 777 237 ..440-

149 335 233 419 pleri
263 337 397 419 negant3
428 333 464 397 hi
492 336 600 398 autem
627 333 695 398 sine
721 333 763 398 iis
791 355 860 398 esse
886 334 1013 399 nullam
1043 337 1166 420 putant

151 427 220 506 aut,
253 422 282 486 si
313 421 357 486 sit
388 421 498 505 beata,
529 421 751 486 beatissimam
783 425 868 486 certe
901 424 1035 506 negant.
1091 423 1163 490 Nos

151 514 257 575 autem
288 509 437 575 volumus
468 509 703 594 beatissimam,
739 508 832 593 idque
865 510 960 575 nobis
993 508 1164 578 Socratica

150 599 209 662 illa
235 597 440 663 conclusione
467 598 683 662 confirmatur.
733 595 786 661 Sic
812 596 898 662 enim
924 598 1081 682 princeps
1103 599 1163 665 illc

149 685 376 769 philosophiae
394 686 585 750 disserebat:
604 685 708 769 qualis
728 685 880 769 cuiusque
895 686 996 750 animi
1010 687 1162 755 adfectus

151 777 248 854 esset,
275 774 374 838 talem
400 795 471 838 essc
497 773 674 856 bominem,
702 773 806 857 qualis
829 777 936 838 autem
961 772 1065 842 homo
1090 777 1162 861 ipse

150 865 248 945 esset,
270 861 369 927 talem
388 862 457 928 eius
475 882 546 926 essc
565 861 757 945 orationem
779 862 918 927 orationi
937 866 1049 928 autem
1071 864 1161 931 facta

151 950 283 1033 similia,
305 949 402 1014 factis
424 950 535 1015 vitam.
580 949 735 1014 Adfectus
759 953 866 1014 autem
890 951 990 1015 animi
1012 951 1160 1018 inbono

149 1038 219 1102 viro
241 1037 428 1121 laudabilis,
458 1039 491 1101 et
511 1037 580 1102 vita
601 1036 703 1120 igitur
724 1036 897 1102 laudabilis
920 1039 999 1103 boni
1020 1039 1100 1124 viri,
1128 1043 1160 1104 ct

148 1124 287 1191 honesta
303 1146 391 1210 ergo,
408 1124 561 1210 quoniam
578 1125 760 1190 laudabilis.
790 1125 841 1190 Ex
859 1126 976 1209 quibus
994 1126 1158 1193 bonorum

96 1235 131 1286 48
149 1214 280 1278 beatam
303 1214 404 1277 vitam
427 1234 497 1277 esse
520 1213 727 1278 concluditur.
771 1213 916 1296 Etenim,
937 1236 998 1297 pro
1022 1214 1157 1281 deorum

150 1306 245 1385 atquc
268 1301 435 1365 hominum
458 1300 567 1365 fidem!
592 1323 748 1384 parumne
771 1301 938 1385 cognitum
961 1307 1012 1366 est
1034 1304 1157 1387 superi·

150 1390 259 1454 oribus
282 1389 403 1453 nostris
426 1389 711 1472 disputationibus,
734 1411 776 1453 an
799 1390 1022 1454 delectationis
1042 1395 1078 1456 et
1101 1392 1158 1457 otii

149 1476 359 1542 consumendi
390 1498 488 1541 causa
517 1476 616 1541 locuti
644 1499 754 1541 sumus
786 1477 965 1560 sapientem
994 1479 1037 1543 ab
1069 1479 1157 1544 omni

149 1565 363 1630 concitatione
382 1565 492 1646 animi,
510 1585 605 1647 quam
622 1565 899 1647 perturbationem
917 1586 1008 1649 voco,
1031 1588 1158 1652 semper

150 1673 278 1731 vacare,
314 1673 441 1736 semper
476 1652 511 1716 in
548 1652 655 1716 animo
692 1652 760 1716 eius
797 1673 867 1716 esse
902 1653 1156 1736 placidissimam

148 1740 283 1824 pacem?
328 1738 387 1805 Vir
415 1740 516 1823 igitur
538 1743 748 1822 temperatus,
776 1744 940 1824 constans,
966 1741 1037 1806 sine
1060 1747 1156 1821 metu,

149 1828 219 1892 sine
252 1827 464 1911 aegritudine,
501 1827 569 1891 sine
602 1828 768 1892 alacritate
798 1828 878 1912 ulla,
915 1829 983 1893 sine
1020 1830 1156 1896 libidine

148 1936 255 1979 nonne
278 1914 414 1978 beatus?
437 1917 472 1978 at
495 1936 622 1997 semper
644 1916 771 1998 sapiens
795 1915 882 1998 talis,
907 1938 1036 1999 semper
1055 1919 1156 2003 igitur

149 2003 273 2067 beatus.
321 2001 392 2066 Iam
419 2023 494 2066 vero
523 2002 579 2086 qui
606 2006 714 2086 potest
739 2003 789 2067 vir
815 2003 919 2068 bonus
946 2026 1014 2070 non
1041 2006 1085 2070 ad
1117 2007 1156 2090 id,

148 2090 233 2174 quod
256 2088 418 2153 laudabile
442 2089 496 2171 sit,
519 2091 629 2154 omnia
651 2090 786 2174 referre,
814 2112 895 2174 quae
919 2092 1156 2179 agitquaeqne

150 2177 270 2241 sentit?
293 2177 392 2240 refert
415 2180 523 2240 autem
542 2178 650 2242 omnia
671 2178 711 2242 ad
733 2179 827 2242 beate
848 2179 1037 2263 vivendum3
1061 2182 1157 2248 beata

148 2264 249 2348 igitur
270 2264 339 2328 vita
361 2263 547 2349 laudabilis,
576 2286 636 2329 nec
659 2266 828 2349 quicquam
851 2267 920 2331 sine
943 2268 1067 2333 virtute
1090 2272 1156 2336 lau·

98 2352 270 2466 1,dabile3
292 2353 389 2416 beata
411 2352 512 2436 igitur
534 2352 602 2416 vita
624 2353 743 2417 virtute
767 2354 942 2418 conficitur.

95 2481 130 2529 49
216 2439 322 2524 Atque
350 2439 411 2504 hoc
439 2439 485 2504 sic
513 2440 611 2504 etiam
640 2441 851 2506 concluditur:
882 2441 951 2507 Nec
972 2443 1009 2506 in
1036 2446 1158 2512 misera

149 2528 218 2593 vita
240 2528 411 2613 quicquam
429 2532 479 2591 est
499 2528 714 2611 praedicabile
738 2534 794 2593 aut
816 2531 1018 2613 gloriandum
1042 2554 1104 2598 nec
1126 2536 1157 2599 in

149 2638 201 2699 ea,
224 2638 306 2699 quae
328 2637 387 2680 nec
409 2615 527 2679 misera
550 2616 593 2680 sit
614 2638 673 2680 nec
696 2617 800 2681 beata.
849 2617 895 2681 Et
917 2621 967 2682 est
989 2619 1025 2683 in
1048 2615 1173 2706 aliqua¹

149 2704 217 2768 vita
246 2703 463 2788 praedicabile
494 2703 615 2787 aliquid
645 2707 677 2769 ct
707 2704 911 2788 gloriandum
942 2727 979 2770 ac
1013 2729 1095 2790 prae
1124 2731 1158 2774 se

148 2792 326 2875 ferendum,
348 2794 385 2855 ut
406 2790 662 2873 Epaminondas:

193 2911 379 2979 Consiliis
402 2913 550 2977 nostris
578 2915 662 2978 laus
686 2919 744 2979 est
772 2919 926 2980 attonsa
948 2915 1157 3004 Laconum,

148 3056 185 3117 ut
208 3051 395 3118 Africanus:

192 3176 224 3240 A
247 3177 327 3241 sole
351 3177 550 3241 exoriente
574 3199 691 3261 supra
711 3175 877 3243 Maeotis
900 3180 1059 3262 paludes

235 3263 359 3329 Nemo
383 3268 455 3349 est,
478 3264 543 3349 qui
565 3264 683 3330 factis
706 3267 956 3350 aequiperare
980 3274 1107 3352 queat.

95 3423 129 3474 50
149 3401 242 3478 Quod
272 3404 299 3468 si
329 3409 384 3487 est,
413 3405 511 3469 beata
533 3406 601 3471 vita
628 3406 799 3490 glorianda
826 3411 859 3471 et
883 3408 1102 3492 praedicanda
1127 3415 1159 3476 et

145 3510 225 3572 prae
248 3512 282 3555 se
305 3492 436 3558 ferenda
458 3496 521 3578 est3
545 3493 627 3558 nihil
651 3498 701 3559 est
724 3495 810 3559 enim
833 3495 934 3580 aliud,
958 3497 1043 3580 quod
1065 3521 1158 3582 prae·

72 3566 164 3730 ἱ
