2446 3944
443 212 682 277 -525-

60 374 178 438 minuti
205 378 238 439 11
266 372 397 458 angusti
420 376 476 437 aut
498 373 607 438 omnia
634 396 761 458 semper
783 375 989 459 desperantes
1012 378 1068 441 aut

60 461 225 545 malevoli,
248 462 364 544 invidi,
387 460 548 544 difficiles,
577 461 724 546 lucifiigi,
752 464 913 547 maledici,
935 465 1067 546 morosi,

60 548 115 612 alii
154 554 262 615 autem
298 550 397 613 etiam
434 549 600 614 amatoriis
637 550 824 616 levitatibus
861 552 974 635 dediti,
1010 551 1067 616 alii

60 637 255 722 petulantes,
278 637 335 702 alii
354 637 504 720 audaces,
526 637 681 721 protervi,
701 638 798 703 iidem
815 639 1067 723 intemperantes

36 727 94 824 ,11
123 724 245 809 ignavi,
270 747 445 809 numquam
471 725 508 790 in
534 726 696 789 sententia
722 730 960 809 permanentes,
988 748 1066 809 quas

61 812 102 877 ob
135 834 247 877 causas
280 814 315 877 in
342 835 452 879 eorum
480 812 547 878 vita
573 813 664 877 nulla
691 817 741 877 111
767 814 971 897 intercapedo
999 837 1067 879 mo·

59 900 182 964 lestiae.
243 901 350 985 Igitur
389 922 493 984 neque
534 901 709 966 stultorum
745 901 915 986 quisquam
950 902 1066 967 beatus

59 1009 163 1072 neque
191 989 385 1072 sapientium
411 1009 476 1053 non
503 988 625 1053 bea-tus.
676 988 843 1072 Multoque
866 988 928 1053 hoc
950 990 1066 1054 melius

59 1098 120 1140 nos
152 1078 322 1160 veriusque
355 1098 451 1160 quam
483 1075 593 1141 Stoici.
645 1075 699 1141 Illi
727 1077 812 1141 enim
843 1080 967 1162 negant
996 1099 1066 1142 esse

59 1164 181 1229 bonum
213 1165 385 1249 quicquam
419 1164 483 1229 nisi
513 1165 620 1228 nescio
653 1186 750 1248 quam
781 1164 874 1228 illam
910 1166 1068 1249 umbram,

59 1251 518 1404 1131111111ῗέ
541 1251 1067 1405 steinenlauudu

58 1427 181 1491 nullam
198 1388 360 1511 requirire
378 1427 580 1509 voluptatem
599 1431 694 1510 atque
714 1427 755 1491 ad
777 1428 873 1492 beate
895 1427 1067 1492 vivendum

59 1535 94 1578 se
116 1515 189 1597 ipsa
212 1535 283 1579 esse
306 1516 502 1579 contentam.
1078 1565 1119 1629 19

126 1600 190 1666 Sed
216 1605 353 1685 possunt
374 1602 455 1666 haec
482 1601 620 1685 quadam
643 1602 769 1667 ratione
792 1602 856 1667 dici
881 1624 947 1668 uon
969 1602 1065 1667 modo
1085 1642 1118 1691 52

58 1711 125 1754 non
142 1690 412 1774 repugnantibus,
434 1711 545 1754 verum
564 1689 663 1755 etiam
682 1690 937 1774 approbantibus
963 1691 1066 1755 nobis.

41 1775 113 1842 'Sic
131 1779 217 1842 enim
236 1778 275 1842 ab
294 1776 434 1862 Epicuro
458 1777 587 1860 sapiens
607 1798 734 1861 semper
751 1778 865 1842 beatus
888 1778 1067 1843 inducitur:

58 1866 166 1930 finitas
189 1865 289 1931 habet
308 1865 515 1949 cupiditates,
536 1865 681 1950 neglegit
703 1869 855 1949 mortem,
877 1865 916 1930 da
940 1865 988 1930 dis
1007 1867 1066 1930 im-

59 1954 250 2019 mortalibus
277 1954 348 2017 sinc
375 1953 443 2017 ullo
471 1956 559 2017 metu
586 1975 663 2018 vera
691 1955 803 2036 sentit,
834 1976 899 2019 uon
931 1953 1067 2036 dubitat,

60 2042 89 2106 si
119 2042 167 2106 ita
198 2042 313 2106 melius
342 2041 399 2125 sit,
429 2041 570 2126 migrare
604 2041 642 2106 de
669 2042 746 2106 vita.
799 2040 860 2106 His
892 2042 987 2106 rebus
1019 2043 1066 2105 in·

59 2133 199 2194 structus
219 2151 345 2213 semper
367 2132 417 2193 est
434 2128 470 2192 in
487 2130 664 2213 voluptate.
699 2127 811 2212 Neque
830 2130 916 2193 enim
939 2134 1066 2213 tempus
1143 2192 1144 2196 ,

59 2221 109 2282 111
139 2218 255 2296 ullum,
288 2239 350 2300 quo
381 2239 448 2282 non
478 2217 552 2300 plus
584 2217 790 2300 voluptatum
820 2217 942 2282 habeat
971 2240 1066 2301 quam

58 2306 215 2370 dolorum.
263 2304 349 2370 Nam
377 2309 411 2369 et
436 2305 612 2389 praeterita
641 2308 733 2387 grate
756 2305 903 2368 meminit
925 2309 958 2367 11
975 2326 1066 2387 prae-

59 2394 205 2457 sentibus
227 2392 274 2457 ita
297 2393 434 2475 potitur,
461 2395 498 2455 ut
521 2391 771 2475 animadvertat,
796 2395 917 2474 quanta
939 2392 1006 2454 sint
1029 2413 1067 2454 ea

60 2501 217 2564 quamque
245 2479 396 2562 iucunda,
421 2500 523 2562 neque
552 2479 672 2561 pendet
698 2500 737 2542 ex
762 2478 894 2560 futuris,
927 2478 982 2543 sed
1014 2499 1066 2542 ex-

59 2570 184 2651 spectat
201 2566 273 2648 illa,
295 2566 414 2630 fruitur
431 2565 653 2648 praesentibus
678 2565 718 2629 ab
742 2565 845 2647 iisque
863 2566 962 2647 vitiis,
984 2588 1065 2650 quae

57 2655 154 2739 paulo
183 2657 257 2718 ante
283 2653 408 2737 collegi,
432 2653 525 2717 abest
542 2653 715 2736 plurimum
735 2655 775 2734 et,
799 2675 872 2717 cum
892 2653 1066 2718 stultorum

58 2743 159 2807 vitam
189 2763 261 2806 cum
285 2762 343 2805 sua
366 2742 544 2823 comparat,
571 2761 690 2824 magna
718 2739 858 2804 afficitur
885 2740 1064 2825 voluptate,

59 2831 185 2895 dolores
205 2831 313 2893 autem
337 2828 364 2893 si
387 2828 441 2911 qui
463 2828 639 2911 incurrunt,
661 2850 837 2912 numquam
855 2829 920 2892 vim
939 2832 1065 2893 tantam

58 2917 192 3000 habent,
207 2969 209 2973 .
225 2921 263 2981 ut
289 2939 355 2983 non
381 2917 454 3001 plus
480 2915 599 2980 habeat
630 2917 772 3000 sapiens,
804 2916 887 3000 quod
919 2916 1065 3001 gaudeat,

59 3027 155 3090 quam
189 3004 275 3089 quod
306 3007 451 3090 angatur.
505 3003 633 3086 Optime
665 3025 739 3068 vero
769 3003 943 3088 Epicurus,
981 3003 1064 3086 quod
1083 3016 1117 3065 63

58 3093 207 3178 exiguam
226 3093 307 3157 dixit
324 3092 488 3157 fortunam
506 3092 699 3156 intervenire
718 3091 869 3176 sapienti,
893 3092 1064 3156 maximas·

58 3203 120 3265 que
143 3181 183 3253 ab
203 3202 240 3245 eo
259 3184 292 3245 et
310 3180 518 3264 gravissimas
537 3201 588 3244 res
608 3180 743 3244 consilio
761 3180 865 3262 ipsius
884 3182 918 3243 et
938 3180 1064 3244 ratione

59 3269 291 3351 administrari,
318 3289 421 3351 neque
449 3267 603 3333 maiorem
630 3268 832 3350 voluptatem
864 3289 903 3332 ax
937 3266 1063 3332 infinito
1125 3284 1129 3291 '

57 3361 201 3440 tempore
225 3357 343 3421 aetatis
366 3356 488 3439 percipi
510 3377 618 3439 posse,
646 3377 742 3440 quam
766 3377 804 3420 ex
825 3355 887 3420 hoc
908 3356 1064 3439 percipia-
1110 3358 1119 3403 -·’

57 3448 121 3529 tur,
144 3443 230 3528 quod
252 3444 417 3508 videamus
441 3463 511 3507 1111
532 3443 669 3506 finitum.
704 3441 744 3507 ln
761 3442 932 3508 dialectica
954 3447 1066 3509 autem

56 3536 165 3597 vestra
181 3532 305 3597 nullam
324 3531 519 3595 existimavit
538 3551 606 3595 1111
623 3551 683 3595 nee
702 3531 742 3596 ad
759 3530 873 3596 melius
891 3530 1006 3598 vivend
1068 3554 1073 3573 ·-
