2446 3944
543 177 783 242 -492-

164 335 298 401 scientia
327 333 529 419 intellegitur
556 355 653 416 quam
679 332 746 398 rim
773 333 893 398 habeat
920 333 1090 418 qualisque
1118 335 1168 420 sit,

163 446 227 508 qua
261 444 302 487 ne
336 421 372 486 in
407 422 466 485 deo
503 421 632 504 quidem
668 425 717 485 est
752 442 805 485 res
836 421 905 486 ulla
936 424 1167 505 praestantior.

162 511 291 587 Quanta
312 531 388 574 vero
411 509 470 573 illa
493 513 577 592 sunt,
601 530 682 592 quae
704 530 763 574 vos
783 508 969 574 Academici
992 510 1168 576 infirmatis

162 604 195 663 et
217 598 349 681 tollitis,
373 597 458 680 quod
480 601 513 660 et
536 597 684 661 sensibus
705 600 740 660 et
762 596 870 661 animo
894 618 945 680 ea,
968 619 1054 680 quae
1079 603 1168 664 extra

111 701 161 748 148
177 690 267 769 sunt,
308 684 502 771 percipimus
539 688 636 768 atque
672 685 933 769 conprendimus!
973 707 1015 749 ex
1051 687 1168 770 quibus

162 773 299 840 conlatis
321 773 407 837 inter
429 794 463 837 se
486 776 519 837 et
542 772 725 855 conparatis
748 776 835 837 artes
859 794 987 856 quoque
1009 773 1167 840 efficimus

161 862 282 946 partim
304 861 345 926 ad
362 882 458 925 usum
474 860 570 943 vitae,
592 861 714 945 partim
732 860 773 924 ad
792 861 1044 925 oblectationem
1062 884 1168 928 neces·

162 950 272 1015 sarias.
307 949 379 1014 Iam
401 971 477 1014 vero
500 948 630 1012 domina
651 970 767 1031 rerum,
790 953 903 1013 utros
921 949 1036 1013 soletis
1055 950 1168 1034 dicere,

162 1037 331 1122 eloquendi
362 1036 426 1119 vis,
457 1057 554 1119 quam
586 1040 635 1100 est
666 1037 833 1121 praeclara
856 1057 1017 1120 quamque
1045 1038 1167 1104 divinat

162 1148 243 1211 quse
261 1125 400 1210 primum
419 1123 527 1206 efficit,
550 1126 586 1187 ut
605 1127 637 1187 et
657 1145 703 1206 ea,
728 1146 808 1207 quae
827 1124 1026 1209 ignoramus,
1045 1126 1166 1192 discere

162 1219 195 1278 et
228 1234 278 1296 ea,
310 1233 391 1295 quae
423 1211 554 1294 scimus,
586 1210 668 1276 alios
700 1212 812 1277 docere
841 1211 1017 1297 possimus,
1056 1214 1167 1279 deinde

161 1302 223 1366 hac
254 1299 474 1381 cohortamur,
503 1299 564 1362 hnc
594 1299 838 1383 persuademus,
869 1300 930 1364 hac
960 1302 1167 1367 consolamur

163 1388 310 1471 afflictae,
332 1388 393 1451 hac
416 1386 600 1451 deducimus
622 1387 812 1471 perterritos
836 1410 855 1451 1
877 1388 1004 1472 timore,
1030 1389 1096 1455 hac
1118 1411 1166 1476 ge

163 1477 297 1540 stientes
329 1473 571 1558 conprimimus,
603 1474 664 1539 hac
696 1474 889 1559 cupiditates
920 1476 1165 1562 iracundiasque

161 1560 399 1648 restinguimus,
422 1561 501 1626 haec
523 1582 583 1626 nos
605 1560 695 1645 iuris,
717 1563 835 1647 legum,
858 1562 988 1627 urbium
1011 1567 1164 1631 societate

111 1666 161 1715 149
176 1650 326 1733 devinxit,
348 1650 428 1715 haec
451 1671 470 1712 1
492 1649 561 1714 vita
581 1648 704 1713 inmani
727 1654 759 1713 et
781 1650 851 1714 fera
874 1653 1070 1736 segregavit.
1116 1653 1165 1718 Ad

162 1761 256 1804 usum
288 1741 396 1802 autern
428 1736 584 1801 orationis
616 1737 803 1802 incredibile
836 1741 898 1821 est,
932 1738 961 1802 si
993 1740 1165 1827 diligenter

163 1824 351 1909 attenderis,
380 1828 501 1908 quanta
529 1846 626 1908 opera
653 1825 838 1889 machinata
860 1830 978 1891 natura
1002 1827 1056 1893 sit.
1101 1828 1166 1894 Pri·

162 1936 251 1978 mum
273 1913 359 1976 enim
382 1935 401 1976 1
417 1911 625 1997 pulmonibus
644 1913 764 1984 arteria
781 1935 882 1997 usque
901 1914 942 1980 ad
960 1937 997 1980 os
1016 1916 1166 1983 intimum

161 2001 316 2085 pertinet,
344 2022 402 2083 per
434 2022 531 2083 quam
559 2022 622 2065 vox
648 2000 843 2085 principium
865 2024 885 2065 1
912 2007 1021 2068 mente
1049 2005 1165 2071 ducens

162 2087 338 2172 percipitur
363 2091 397 2151 et
423 2086 582 2172 funditur,
610 2088 722 2153 deinde
749 2088 784 2152 in
811 2111 865 2154 ore
893 2090 957 2155 sita
980 2091 1097 2178 lingua
1119 2096 1166 2159 est

162 2175 256 2240 finita
278 2174 442 2256 dentibus,
465 2196 503 2238 ea
524 2198 636 2240 vocem
658 2176 857 2242 inmoderate
879 2178 1048 2262 profusam
1072 2181 1166 2268 fingit

28 2307 32 2313 -
163 2266 196 2327 et
224 2261 377 2326 terminat
407 2266 503 2345 atque
534 2284 630 2328 sonos
658 2265 747 2330 vocis
778 2264 946 2329 distinctos
975 2271 1009 2330 et
1035 2291 1165 2351 pressos

163 2350 271 2433 efficit,
294 2372 366 2414 cum
388 2354 421 2413 et
444 2351 485 2415 ad
508 2350 618 2415 dentes
638 2353 728 2417 etad
747 2352 828 2416 alias
846 2358 957 2436 partes
975 2355 1074 2438 pellit
1093 2357 1164 2422 oris.

162 2438 277 2521 ltaque
304 2438 420 2522 plectri
447 2439 585 2502 similem
612 2439 756 2524 linguam
783 2440 889 2504 nostri
916 2442 1024 2505 solent
1053 2443 1163 2527 dicere,

163 2525 356 2590 chordarum
383 2526 508 2610 dentes,
536 2548 631 2591 nares
654 2528 803 2592 cornibus
826 2528 881 2612 iis,
906 2528 961 2612 qui
984 2529 1026 2594 ad
1048 2553 1165 2598 nervos

163 2617 316 2678 resonant
337 2613 372 2676 in
395 2614 550 2679 cantibus.

111 2681 154 2744 60
230 2699 333 2776 Quam
359 2722 435 2765 vero
463 2705 557 2784 aptas
586 2723 743 2785 quamque
766 2705 942 2768 multarum
965 2705 1089 2772 artium
1112 2707 1165 2771 mi·

112 2759 283 2853 15⁰nistras
307 2810 421 2852 manus
443 2792 561 2852 natura
582 2789 707 2854 homini
729 2791 827 2855 dedit!
868 2791 1058 2877 Digitorum
1082 2795 1166 2860 enim

163 2875 340 2941 contractio
371 2875 477 2940 facilis
504 2875 673 2960 facilisque
699 2879 858 2962 porrectio
885 2884 1021 2965 propter
1048 2884 1164 2948 molles

163 2963 390 3029 commissuras
414 2967 446 3027 et
470 2966 560 3027 artus
582 2966 673 3029 nullo
696 2965 731 3029 in
752 2971 842 3031 motu
865 2968 1004 3033 laborat.
1050 2969 1164 3055 Itaque

163 3050 204 3115 ad
226 3051 431 3136 pingendum,
455 3051 495 3115 ad
517 3052 712 3137 fingendum,
735 3053 776 3117 ad
794 3055 1010 3140 scalpendum,
1033 3057 1077 3122 ad
1099 3080 1165 3123 ner·
1209 3055 1213 3065 '

161 3161 277 3202 vorum
305 3137 476 3203 eliciendos
503 3161 600 3203 sonos
628 3161 665 3204 ac
691 3141 845 3206 tibiarum
871 3147 949 3227 apta
976 3166 1093 3210 manus
1118 3149 1166 3210 est

163 3226 347 3291 admotione
376 3225 558 3311 digitorum.
603 3227 712 3310 Atque
734 3229 814 3295 haec
837 3230 1078 3318 oblectationis3
1108 3234 1167 3298 illa

162 3313 375 3397 necessitatis,
401 3313 506 3378 cultus
530 3314 600 3378 dico
624 3337 777 3400 agrorum
800 3318 1082 3403 extructionesque
1103 3326 1166 3387 tec-

164 3403 285 3485 torum,
312 3404 500 3486 tegumenta
528 3423 698 3487 corporum
725 3404 778 3468 vel
804 3407 894 3469 texta
919 3407 973 3470 vel
1002 3411 1165 3475 111110111-

160 3508 299 3572 nemque
331 3487 487 3553 fabricam
515 3490 598 3554 aeris
626 3493 659 3554 et
685 3491 776 3576 ferri,
809 3514 847 3557 ex
874 3515 936 3576 quo
964 3494 1167 3583 intellegitur
