2446 3944
520 192 761 258 —246-

133 352 256 417 solum
278 349 389 414 nobis
413 347 556 412 divites
579 348 875 430 essevolumus,
898 347 964 412 sed
987 347 1144 434 liberis,

14 432 35 441 ”
160 436 376 522 ropinquis,
413 435 546 500 amicis
583 457 830 518 maxumeque
861 434 918 498 rei
951 435 1143 519 publicae.

132 462 381 611 Cingulorum
405 523 504 588 enim
526 523 741 588 facultates
765 525 802 585 et
820 523 953 607 copiae
976 523 1143 589 divitiae

134 616 223 678 sunt
241 610 440 677 civitatis?
473 609 558 675 Huic
572 608 746 675 Scaevolae
759 610 891 693 factum,
910 610 949 674 de
964 633 1027 694 quo
1041 613 1143 696 paulo

133 705 209 767 ante
232 699 311 784 dixi,
333 701 460 784 placere
482 698 574 763 nullo
597 697 693 763 modo
714 701 838 783 potest,
866 699 986 762 etenim
1009 701 1143 766 omnino

132 794 260 854 tantum
284 810 318 852 se
340 791 440 873 negat
462 787 626 852 facturum
649 786 830 870 compendii
853 786 903 850 sui
926 809 1032 872 causa,
1056 789 1144 871 quod

133 898 199 942 non
216 876 323 941 liceat.
353 874 438 940 Huic
456 896 515 940 neo
533 876 603 939 laus
622 895 743 960 magna
760 874 933 938 tribuenda
950 896 1010 939 nec
1033 877 1144 960 gratia

81 981 116 1032 64
134 968 192 1029 est.
224 961 295 1048 Sed,
314 964 382 1028 sive
402 967 434 1028 et
453 962 618 1027 simulatio
637 966 670 1026 et
689 962 905 1026 dissimulatio
925 962 1017 1026 dolus
1035 964 1143 1029 malus

133 1056 196 1136 est,
222 1073 402 1137 perpaucae
430 1073 481 1115 res
510 1053 599 1133 sunt,
628 1051 663 1113 in
691 1050 807 1134 quibus
829 1072 896 1114 non
918 1050 1011 1115 dolus
1035 1053 1143 1117 malus

131 1140 195 1204 iste
217 1144 373 1222 versetur,
397 1139 464 1204 sive
487 1138 664 1204 virbonus
688 1141 738 1201 est
760 1139 803 1221 ie,
826 1138 882 1221 qui
903 1138 1049 1222 prodest,
1073 1141 1143 1222 qui-

132 1229 193 1293 bus
216 1231 340 1312 potest,
365 1230 461 1291 nocet
487 1224 622 1308 nemini,
651 1228 736 1289 certe
764 1226 864 1289 istum
891 1226 997 1291 virum
1019 1228 1143 1292 bonum

132 1338 198 1380 non
219 1315 315 1379 facile
338 1314 525 1398 reperimus
560 1311 747 1396 Numquam
770 1313 872 1398 igitur
895 1317 945 1377 est
967 1314 1048 1379 utile
1070 1338 1143 1400 pec·

133 1425 220 1486 carc,
244 1403 320 1487 quia
344 1423 470 1484 semper
492 1403 542 1464 est
564 1403 671 1484 turpe,
695 1405 741 1485 et,
765 1401 841 1485 quia
863 1423 990 1486 semper
1013 1406 1063 1467 est
1085 1404 1142 1468 ho·

45 1493 51 1502 ’
131 1496 263 1556 nestum
284 1490 391 1555 virum
413 1489 534 1553 bonum
558 1509 641 1571 esse,
664 1509 791 1573 semper
814 1494 864 1554 est
885 1491 974 1555 utile.

80 1552 123 1678 ἐξ
199 1579 248 1643 Ao
272 1578 310 1641 de
332 1576 402 1640 iure
426 1575 554 1659 quidem
577 1576 784 1659 praediorum
806 1582 955 1642 sanctum
978 1578 1063 1662 apud
1080 1601 1141 1645 nos

134 1670 183 1731 est
197 1666 266 1731 iure
280 1664 376 1746 civili,
395 1667 432 1727 ut
445 1665 480 1727 in
497 1664 537 1728 iis
556 1663 730 1729 vendendis
749 1665 831 1730 vitia
848 1665 1039 1748 dicerentur,
1058 1689 1141 1750 quae

131 1758 212 1818 nota
230 1755 338 1816 essent
355 1751 524 1816 venditori.
561 1751 656 1836 Nam,
679 1774 753 1817 cum
775 1776 814 1818 ex
833 1752 1000 1820 duodecim
1018 1756 1141 1819 tabulis

133 1842 214 1906 satis
235 1843 321 1904 esset
339 1861 377 1903 ea
394 1839 564 1924 praestari,
588 1862 670 1924 quae
688 1845 797 1906 essent
814 1841 928 1927 lingua
945 1846 1143 1928 nuncupata,

133 1950 215 2013 quae
234 1927 290 2011 qui
306 1927 466 1991 infitiatus
486 1932 581 2011 esset,
604 1928 695 2013 dupli
712 1935 851 2015 poenam
870 1929 1002 2013 subiret,
1022 1952 1041 1993 a
1059 1931 1140 1995 iuris

132 2016 289 2081 consultis
309 2015 407 2079 etiam
430 2015 617 2081 reticentiae
639 2038 744 2102 poena
767 2021 817 2082 est
840 2017 1029 2099 constituta,
1054 2019 1140 2099 quic·

133 2104 210 2188 quid
232 2103 318 2167 enim
342 2106 427 2167 esset
444 2103 480 2167 in
496 2104 628 2188 praedio
646 2104 728 2188 vitii,
750 2104 784 2168 id
802 2106 995 2185 statuenmt,
1019 2103 1046 2166 si
1065 2126 1139 2168 ven-

133 2191 219 2255 ditor
233 2191 338 2273 sciret,
352 2190 415 2254 nisi
428 2191 621 2256 nominatim
635 2191 756 2256 dictum
770 2193 863 2274 esset,
876 2190 1036 2274 praestari
1046 2212 1140 2275 opor-

80 2296 113 2347 66
131 2283 209 2343 tere.
245 2277 301 2363 Ut,
325 2300 398 2343 cum
418 2278 450 2344 in
471 2301 543 2344 aroc
563 2279 733 2364 augurium
751 2298 889 2363 augures
907 2278 1012 2342 acturi
1030 2284 1140 2343 essent

131 2366 364 2450 iussissentque
388 2366 436 2430 Ti.
455 2365 625 2431 Claudium
648 2364 884 2448 Centumalum,
908 2365 963 2449 qui
986 2366 1081 2430 aedes
1104 2368 1140 2431 in

132 2453 242 2519 Caelio
266 2458 375 2519 monte
398 2454 553 2537 habebat,
581 2452 729 2517 demoliri
756 2475 807 2536 ea,
837 2476 975 2538 quorum
998 2455 1139 2520 altitudo

132 2542 276 2607 officeret
299 2542 464 2626 auspiciiS,
491 2540 645 2607 Claudius
672 2541 864 2626 proscripsit
887 2541 1028 2606 insulam
1053 2545 1141 2622 [ven-

132 2630 236 2713 diditl,
262 2630 341 2695 emit
363 2628 398 2693 P.
422 2628 617 2714 Calpurnius
635 2628 803 2694 Lanarius.
838 2629 923 2695 Huic
946 2630 987 2694 ab
1011 2633 1140 2715 auguri·

130 2720 191 2784 bus
219 2719 301 2782 illud
327 2718 413 2781 idem
443 2717 667 2781 denuntiatum
699 2721 757 2782 est.
801 2716 916 2801 ltaque
944 2716 1139 2802 Calpurnius

131 2830 204 2873 cum
237 2805 409 2870 demolitus
447 2808 532 2868 esset
568 2809 804 2891 cognossetque
837 2804 1008 2870 Claudium
1044 2806 1140 2870 aedes

130 2898 245 2979 postea
267 2891 510 2977 proscripsisse,
538 2913 636 2976 quam
659 2896 744 2957 esset
767 2893 808 2956 ab
832 2893 1009 2977 auguribus
1033 2893 1141 2958 demo

130 2982 185 3046 liri
221 2982 341 3064 iussus,
378 2979 538 3044 arbitrum
573 2979 668 3043 illum
702 2979 826 3065 adegit,
863 2998 1034 3058 QUIDQUID
1072 2999 1141 3046 8131

130 3087 224 3133 nnnc
252 3085 388 3133 saonen
419 3084 626 3133 oronrnnnr
654 3085 703 3131 nx
725 3085 808 3131 amn
836 3085 941 3134 noun.
985 3067 1029 3133 M.
1057 3067 1140 3135 Cato

132 3157 327 3220 sententiam
350 3155 440 3238 dixit,
463 3154 558 3219 huius
582 3155 687 3220 nostri
706 3153 838 3220 Catonis
861 3159 955 3239 pater
980 3154 1030 3241 (ut
1054 3157 1142 3222 enim

129 3243 230 3308 ceteri
253 3265 291 3306 ex
314 3243 471 3328 patribus,
495 3242 541 3307 sio
563 3242 625 3327 hic,
648 3242 704 3326 qui
726 3242 808 3306 illud
828 3243 939 3307 lumen
956 3245 1141 3328 progenuit,

131 3353 170 3394 ex
187 3330 256 3395 filio
276 3336 326 3394 est
344 3329 573 3418 nominandus)
588 3367 632 3377 -
645 3330 674 3395 is
692 3330 794 3416 igitur
811 3330 907 3395 iudex
928 3330 977 3395 ita
999 3353 1141 3416 pronun-

130 3417 239 3483 tiavit:
263 3417 348 3482 ‘cum
370 3418 404 3482 in
427 3418 596 3483 vendundo
619 3440 688 3482 rem
706 3441 778 3483 eam
799 3418 913 3483 scisset
931 3422 964 3482 et
981 3440 1049 3483 non
1067 3441 1141 3504 pro·

61 3476 322 3711 'nuntiasset
341 3505 481 3590 emptori
499 3505 651 3572 damnum
670 3506 831 3591 praestari
849 3505 1020 3592 oportere?
1049 3506 1141 3593 Ergo
