2446 3944
470 192 708 258 -397-

84 354 112 420 si
130 355 223 420 vacat
244 353 364 437 populo
383 373 487 436 neque
508 352 658 435 plausum
677 355 812 436 captans
832 374 866 417 se
888 355 997 418 tamen
1015 354 1087 437 ipsa

84 443 227 506 delectet
264 440 349 517 Quin
372 441 469 505 etiam
487 439 569 504 mihi
592 440 720 523 quidem
742 440 957 505 laudabiliora
979 441 1086 506 viden·

82 533 137 593 tur
155 528 275 612 onmia,
299 549 380 612 quae
399 529 469 592 sine
487 527 632 597 venditat
632 528 756 594 ionet
723 531 756 592 et
774 528 843 592 sine
864 529 985 612 populo
1003 531 1086 594 teste

82 618 177 700 fiunt,
202 637 268 681 non
290 638 353 699 quo
375 615 596 700 fugiendus'
569 618 612 679 srt
634 612 758 701 (omnia
786 616 872 680 enim
893 616 975 681 bene
998 616 1087 681 facta

84 706 118 768 in
140 704 210 769 luce
232 726 266 769 se
290 703 453 769 conlocari
474 702 614 788 volunt),
573 704 733 768 tsedt
718 706 829 768 tamen
850 704 975 768 nullum
997 705 1086 768 thea·

83 796 171 856 trum
193 792 308 856 virtuti
330 791 525 856 conscientia
546 790 651 855 maius
674 793 731 856 est

149 879 285 963 Atque
275 902 309 945 ιιι
326 879 441 963 primis
460 879 651 943 meditemur
667 878 756 957 illud,
775 880 813 942 ut
830 878 911 943 haec
928 879 1087 962 pat1ent1a
1097 840 1139 967 ἓξ

85 968 245 1049 dolorum,
275 989 371 1052 quam
396 987 491 1067 saepe
513 967 579 1030 iam
602 966 703 1030 animi
725 966 905 1030 intentione
928 967 995 1030 dixi
1018 988 1087 1031 esse

83 1016 348 1137 firmanda'm,1n
375 1054 462 1118 omni
489 1074 605 1155 genere
632 1075 666 1117 se
694 1054 895 1138 aequabilem
926 1055 1087 1137 praebeat.

84 1142 185 1226 Saepe
213 1145 298 1207 eninr
324 1142 432 1225 multi,
459 1142 514 1224 qui
542 1144 598 1204 aut
624 1145 756 1224 propter
785 1141 850 1204 vict
852 1141 938 1206 oriae
970 1141 1088 1223 cupidi-

82 1235 184 1295 tatem
206 1234 262 1294 aut
283 1232 415 1313 propter
438 1229 560 1313 gloriae
584 1228 775 1311 autetiam,
804 1232 841 1292 ut
863 1229 913 1293 ius
936 1250 1030 1292 suum
1055 1232 1088 1293 et

83 1318 267 1383 libertatem
298 1319 458 1399 tenerent,
493 1317 626 1380 volnera
662 1318 856 1399 exceperunt
891 1316 1019 1381 fortiter
1056 1320 1089 1381 et

82 1406 241 1487 tulerunt,
278 1404 376 1468 iidem
409 1404 528 1468 omissa
560 1403 765 1468 contentione
801 1403 946 1468 dolorem
981 1404 1088 1468 morbi

83 1492 167 1556 ferre
198 1513 265 1556 non
295 1492 445 1574 possunt3
477 1512 580 1574 neque
612 1491 699 1554 enim
730 1490 835 1574 illum,
867 1513 962 1575 quem
993 1491 1088 1555 facile

84 1580 240 1662 tulerant,
270 1579 396 1643 ratione
429 1581 485 1642 aut
516 1578 676 1661 sapientia
707 1578 862 1660 tulerant,
894 1578 950 1642 sed
982 1579 1087 1643 studio

83 1667 193 1749 potius
217 1668 250 1729 et
272 1666 385 1749 gloria.
428 1664 543 1748 Itaque
570 1665 701 1729 barbari
727 1665 858 1748 quidam
881 1669 914 1729 et
942 1666 1087 1731 inmanes

83 1755 170 1819 ferro
197 1753 359 1816 decertare
386 1774 548 1816 acerrume
578 1755 726 1836 possunt,
759 1756 925 1837 aegrotare
951 1753 1088 1817 viriliter

84 1863 149 1906 non
177 1844 306 1924 queunt
359 1839 471 1903 Graeci
498 1843 606 1903 autem
632 1839 793 1918 homines,
822 1861 888 1904 non
918 1841 997 1904 satis
1021 1841 1087 1905 ani-

84 1928 180 2011 mosi,
198 1927 378 2010 prudentes,
396 1930 435 1991 ut
452 1930 502 1991 est
519 1931 631 2011 captus
649 1927 831 2006 hominum,
852 1928 941 2010 satis,
959 1928 1087 1993 hostem

85 2016 227 2099 aspicere
249 2036 317 2080 non
338 2018 489 2098 possunt,
514 2015 617 2078 eidem
641 2015 770 2080 morbos
792 2015 969 2080 toleranter
992 2020 1088 2100 atque

83 2103 223 2167 humane
254 2102 371 2166 ferunt.
419 2102 466 2166 At
492 2100 614 2167 Cimbri
641 2105 674 2165 et
706 2100 860 2167 Celtiberi
892 2103 926 2166 in
955 2104 1087 2186 proeliis

83 2192 243 2272 exultant,
271 2190 489 2254 lamentantur
516 2190 550 2253 in
577 2190 698 2254 morbo.
747 2188 839 2255 Nihil
867 2191 951 2254 enim
980 2194 1088 2275 potest

84 2299 154 2342 esse
178 2277 361 2362 aequabile,
383 2277 468 2362 quod
486 2299 552 2341 non
571 2300 590 2341 a
608 2280 695 2341 certa
712 2278 838 2342 ratione
856 2278 1087 2360 proficiscatur.

85 2363 147 2429 Sed
170 2387 242 2429 cum
264 2365 373 2429 videas
397 2387 465 2447 eos,
496 2365 551 2448 qui
574 2367 631 2428 aut
654 2364 758 2428 studio
782 2367 838 2428 aut
860 2365 1010 2447 opinione
1034 2366 1088 2428 du·
1106 2386 1140 2434 ee

85 2455 211 2535 cantur,
242 2452 277 2516 in
308 2473 346 2517 eo
376 2451 594 2535 persequendo
622 2454 717 2534 atque
745 2451 948 2534 adipiscendo
977 2453 1088 2517 dolore

84 2562 151 2604 non
178 2539 297 2623 frangi,
325 2539 441 2604 debeas
471 2539 654 2603 existimare
681 2541 738 2602 aut
768 2560 834 2603 nou
866 2560 935 2603 esse
964 2540 1086 2603 malum

85 2627 228 2690 dolorem
260 2630 328 2709 aut,
361 2627 502 2709 etiamsi,
533 2625 683 2709 quioquid
711 2647 859 2708 asperum
887 2626 1087 2710 alienumque

83 2717 200 2779 natura
218 2715 270 2798 sit,
287 2714 320 2778 id
339 2714 495 2797 appellari
514 2713 641 2796 placeat
654 2712 785 2795 malum,
803 2714 963 2776 tantulum
977 2716 1087 2776 tamen

85 2823 168 2884 esse,
190 2805 228 2865 ut
251 2824 270 2865 a
292 2802 410 2866 virtute
433 2802 479 2865 ita
502 2801 669 2883 obruatur,
692 2802 905 2883 utnusquam
924 2803 1087 2882 appareat.

85 2888 173 2964 Quae
200 2888 369 2971 meditare,
396 2910 527 2971 quaeso,
553 2888 621 2952 dies
645 2891 678 2951 et
699 2890 820 2952 noctes.
865 2887 977 2950 Latius
1001 2888 1087 2950 enim

84 2977 230 3040 manabit
251 2975 331 3040 haec
349 2977 432 3040 ratio
452 2978 485 3040 et
502 2975 668 3058 aliquanto
692 2974 847 3038 maiorem
867 2975 973 3038 locum
990 2996 1087 3057 quam

84 3063 123 3126 de
150 3085 213 3128 uno
242 3063 352 3128 dolore
378 3062 555 3146 occupabit.
607 3061 692 3126 Nam
725 3061 752 3125 si
780 3061 889 3126 omnia
917 3061 1087 3145 fugiendae

83 3151 187 3233 turpit
173 3151 294 3215 tudinis
313 3150 596 3233 adipiscendaeque
614 3149 730 3214 honest
716 3149 794 3212 tatis
808 3171 906 3213 causa
922 3148 1087 3232 faciemus,

83 3259 149 3301 non
176 3239 315 3303 modos
317 3239 449 3302 timulos
477 3236 611 3320 doloris,
642 3236 698 3300 sed
730 3236 827 3300 etiam
857 3236 994 3300 fulmina
1022 3237 1087 3301 for-

82 3328 182 3390 tunae
208 3328 448 3390 contemnamus
476 3325 586 3389 licebit
590 3324 819 3407 ,praesertim
842 3344 916 3393 oum
960 3327 1086 3389 aratum

84 3412 128 3476 sit
145 3411 226 3476 illud
245 3434 283 3476 ex
300 3412 451 3475 hesterna
469 3411 687 3494 disputatione
687 3346 1171 3703 &qung

83 3499 113 3565 si
139 3501 191 3566 oui
217 3499 372 3584 navigant
373 3499 398 3582 i,
425 3499 602 3582 praedones
629 3499 658 3564 si
683 3519 776 3582 mseq
1151 3512 1220 3555 *a

624 3888 628 3895 .
660 3868 747 3897 ...ιη-ω’
