2446 3944
317 759 365 835 Μ.
395 761 538 835 TULLI
569 759 816 837 ulcerosis

117 926 188 1009 ΒΕ
219 923 438 1012 opulens
470 925 542 1010 AD
574 923 800 1012 MAROUM
830 926 1016 1012 FILIUM

402 1115 523 1175 umus
546 1115 724 1177 91999199.

402 1396 735 1458 ARGUMENTUM

134 1511 195 1566 Hoc
212 1510 285 1567 libro
303 1511 340 1568 Μ.
359 1511 468 1566 Tullius
485 1510 628 1582 prooemio
647 1511 814 1582 praemisso,
836 1511 868 1566 in
890 1528 944 1581 quo
963 1510 999 1568 de
1018 1511 1070 1568 otii

64 1582 108 1637 sui
129 1581 238 1637 ratione
260 1581 375 1652 exponit
393 1585 422 1637 et
443 1581 532 1635 filium
550 1581 587 1635 ad
605 1580 698 1636 studia
716 1581 835 1636 colenda
851 1582 979 1638 hortatur
997 1585 1069 1652 (cap.

66 1659 90 1720 1,
109 1659 125 1706 2
144 1658 159 1718 ξ
179 1653 268 1722 1-6),
290 1653 395 1707 restare
416 1651 457 1706 ait
473 1651 587 1706 tertium
607 1650 778 1732 quaestionis
797 1668 862 1706 suae
880 1653 974 1708 locum
991 1668 1072 1722 prac-

63 1722 223 1777 termissum
241 1739 259 1777 a
275 1722 421 1789 Panaetio,
444 1721 479 1775 de
503 1723 682 1776 content1one
705 1721 862 1778 honestatis
885 1725 915 1778 et
935 1721 1069 1778 utilitatis

65 1794 138 1862 (cap.
156 1798 172 1845 2
192 1799 207 1858 ς
226 1793 341 1862 1-10),
364 1792 414 1862 qui
436 1792 514 1847 locus
538 1791 592 1845 etsi
613 1791 732 1847 fortasse
755 1791 802 1846 hic
823 1793 987 1848 mactandus
1011 1810 1071 1849 9999

64 1878 123 1917 non
140 1861 280 1930 videatur,
302 1865 450 1932 propterea
473 1861 560 1931 quod,
583 1861 733 1916 honestum
751 1862 826 1943 quod
845 1863 894 1933 sit,
919 1880 1070 1932 numquam

66 1948 130 1986 eum
146 1931 212 1985 utili
229 1949 354 2003 pugnare
371 1949 454 2002 posse
472 1931 601 1986 videatur
619 1932 702 2001 (nihil
721 1949 796 1987 emm
814 1949 874 1988 esse
892 1934 975 2001 utile,
995 1934 1070 2004 quod

64 2018 122 2055 non
148 2000 223 2056 idem
249 2003 418 2073 honestum),
445 2005 541 2056 tamen
567 2019 701 2073 apparere
729 2002 800 2056 dicit
822 2003 986 2058 Panaetium
1010 2021 1070 2059 eam

65 2087 179 2126 causam
191 2073 362 2142 pertractare
376 2072 586 2195 voluisseffcap.
601 2076 690 2142 3-7).
718 2071 756 2126 Ε1
774 2089 837 2126 eum
851 2090 916 2127 sane
929 2073 1070 2128 interdum

64 2142 160 2210 aliqua
188 2143 295 2212 species
322 2142 456 2198 utilitatis
484 2143 576 2197 oerri
602 2142 706 2214 possit,
734 2159 805 2211 quae
833 2160 895 2197 eum
921 2144 1069 2198 honestate

63 2228 189 2281 pugnare
208 2211 346 2281 videatur,
365 2212 407 2267 ait
424 2230 454 2266 se
471 2213 546 2266 hunc
563 2213 658 2267 locum
676 2213 816 2283 suscipere
834 2213 917 2283 velle,
935 2215 965 2267 91
983 2214 1070 2284 expli·

66 2283 129 2336 cata
146 2281 276 2364 unirersa
288 2284 388 2336 natura
400 2282 542 2353 utilitatis,
561 2300 633 2352 quae
647 2282 898 2364 cumturpitudine
911 2284 995 2354 plane
1009 2300 1070 2339 esse

64 2352 1071 2503 1111911,(111193)919111111131111113111111

66 2491 96 2545 in
112 2491 235 2561 publicis
252 2493 284 2546 in
302 2492 492 2562 dignoscenda
508 2493 633 2546 utilitate
652 2494 681 2546 et
694 2493 842 2547 honestate
855 2493 973 2548 titubari
985 2511 1069 2564 posse

65 2563 136 2632 (cap.
161 2569 202 2628 10,
222 2566 439 2633 11540—49).
476 2565 574 2630 Itaque
596 2561 717 2632 primum
740 2563 775 2618 de
798 2563 934 2633 peculiari
957 2567 1070 2619 conten·

64 2632 142 2686 tione
161 2632 307 2702 utilitatis,
331 2650 402 2703 quae
420 2632 571 2702 prudentia
587 2631 678 2685 videri
696 2633 779 2699 velit,
803 2650 866 2686 cum
883 2633 992 2688 iustitia
1009 2633 1070 2703 agit

63 2704 138 2824 §cap
159 2709 271 2758 12-25
289 2710 305 2769 ξ
323 2707 455 2772 50-95),
480 2701 582 2756 deinde
606 2701 640 2755 (19
660 2703 838 2757 contentione
856 2702 989 2756 utilitatis
1008 2719 1070 2756 oum
1102 2729 1108 2737 ·

77 2772 228 2827 ortitudine
247 2773 362 2843 exponit
377 2776 447 2844 (cap.
462 2774 588 2841 26-32),
607 2771 727 2839 denique
746 2773 781 2826 de
801 2772 979 2826 contentione
994 2771 1071 2826 utili·

62 2842 132 2896 tatis
151 2860 214 2896 cum
231 2843 417 2913 temperantia
440 2842 568 2912 disputat
590 2846 660 2911 (cap.
680 2849 715 2897 33
733 2848 749 2910 ᾖ
768 2846 917 2912 lie-120)
941 2845 970 2898 et
991 2841 1071 2898 brevi

62 2912 178 2983 epilogo
197 2913 341 2969 concludit
358 2914 552 2986 argumentum
570 2914 597 2983 (ς
616 2915 687 2982 121).

130 3161 165 3227 P.
193 3158 391 3246 Scipionem,
422 3162 465 3228 M.
492 3162 554 3247 fili,
586 3185 672 3247 eum,
705 3164 760 3247 qui
791 3163 915 3248 primus
946 3139 1108 3268 Africa}

63 3271 125 3314 nus
149 3250 333 3334 appellatus
358 3254 419 3334 991,
448 3250 551 3315 dicere
579 3251 712 3315 solitum
739 3251 869 3334 scripsit
891 3250 986 3336 Cato,
1014 3275 1036 3337 q
1060 3252 1067 3267 '

62 3337 127 3401 fuit
155 3339 223 3403 eius
250 3338 318 3403 fere
346 3339 503 3423 aequalis,
530 3360 707 3426 numquam
734 3360 768 3402 se
795 3338 901 3404 minus
929 3340 1013 3405 otios

63 3444 146 3510 esse,
175 3445 274 3506 quam
295 3450 368 3494 cum
384 3427 518 3511 otiosus,
538 3448 598 3492 nec
616 3427 722 3492 minus
741 3426 855 3513 solum,
878 3449 976 3511 quam
996 3448 1014 3493 o

118 3540 301 3597 1911991911,
315 3540 361 3586 119
374 3539 492 3596 peticionis.
506 3538 619 3592 61911199.
878 3546 911 3596 15
