2446 3944
470 179 710 244 -295-

83 339 229 424 eorporis
254 341 467 422 ornatumque
490 337 655 403 Persicum
678 339 782 404 multo
811 361 890 405 auro
917 341 1093 424 multisque

84 427 222 514 gemmis
259 426 391 490 dixisse:
434 425 538 490 ‘Rite
574 448 664 492 vero
701 430 752 511 te,
790 424 898 511 Cyre,
937 429 1093 494 beatum

83 516 229 597 ferunt,
248 514 429 598 quoniam
447 514 590 578 virtuti
608 518 697 578 tuae
715 514 874 579 fortuna
888 516 1093 581 coniuncta

80 602 164 668 est'
201 601 272 666 Hac
294 601 397 687 igitur
418 601 552 666 fortuna
573 601 638 666 frui
661 602 738 666 lieet
758 603 898 686 senibus,
920 625 979 669 nec
1003 608 1092 669 aetas
1112 622 1145 673 60

84 689 233 775 impedit,
259 711 323 773 quo
346 689 454 752 minus
477 693 510 753 ιι
533 693 714 754 ceterarum
736 711 844 754 rerum
867 695 900 754 et
921 691 957 754 in
979 692 1093 776 primis

84 778 156 862 agri
180 777 306 842 colendi
328 777 436 841 studia
459 780 627 841 teneamus
649 799 751 860 usque
775 778 816 842 ad
838 779 990 843 ultimum
1015 783 1095 844 tem·

84 888 145 951 pus
166 864 348 929 senectutis.
380 864 423 929 M.
443 865 572 948 quidem
590 864 759 929 Valerium
778 864 955 931 Corvinum
974 867 1094 953 accepi-

85 975 158 1017 mus
178 953 218 1017 ad
237 953 445 1018 centesimum
465 975 586 1017 annum
604 954 801 1038 perduxisse,
824 975 897 1018 cum
917 958 1003 1019 esset
1021 959 1094 1020 acta

83 1041 151 1105 iam
170 1044 276 1105 aetate
294 1041 330 1104 in
348 1041 436 1126 agris
457 1062 574 1124 eosque
594 1042 727 1124 coleret3
745 1041 834 1105 cuius
849 1041 934 1105 inter
952 1043 1094 1127 primum

84 1133 118 1192 et
142 1132 270 1192 sextum
292 1129 497 1194 consulatum
521 1139 577 1193 sex
600 1132 632 1193 et
655 1129 872 1214 quadraginta
895 1130 972 1193 anni
996 1129 1094 1197 inter·

82 1217 222 1280 fuerunt.
268 1215 334 1298 Ita,
366 1220 524 1298 quantum
557 1217 699 1300 spatium
731 1217 849 1281 aetatis
881 1217 1020 1282 maiores
1053 1217 1094 1282 ad

83 1303 260 1368 senectutis
287 1303 417 1367 initium
448 1325 517 1368 esse
544 1305 730 1388 voluerunt,
762 1307 873 1368 tantus
901 1305 952 1369 illi
980 1327 1093 1370 cursus

82 1391 244 1457 honorum
262 1391 338 1474 fuit3
362 1395 459 1474 atque
480 1391 653 1455 huiust
600 1395 653 1455 ext
655 1414 744 1456 rema
767 1396 857 1456 aetas
880 1393 942 1458 hoc
966 1393 1094 1457 beatior

85 1501 183 1580 quam
206 1479 325 1563 media,
353 1478 439 1562 quod
462 1479 647 1543 auctoritat
639 1501 666 1542 rs
624 1479 833 1544 thabebat
855 1481 942 1565 plus,
970 1481 1093 1545 laboris

83 1568 203 1650 minus,
231 1589 272 1651 ap
275 1589 313 1631 ιι
336 1570 386 1630 est
409 1569 517 1630 autem
541 1567 714 1632 senectutis
737 1568 924 1632 auctoritas.
965 1567 1093 1643 Quanta
1112 1585 1144 1634 61

82 1655 178 1718 fuit
168 1677 203 1718 m
225 1591 272 1718 L.
285 1653 424 1719 Caecilio
448 1654 590 1738 Metello,
614 1655 766 1770 quanta
757 1677 792 1718 m
814 1655 855 1720 A.
873 1655 919 1719 At
920 1655 977 1719 ilio
1002 1655 1093 1720 Gala-

83 1742 195 1806 tino!
185 1764 221 1805 m
230 1764 335 1892 quem
352 1741 435 1806 illud
454 1742 608 1827 elogium:
629 1741 751 1806 Hunc
769 1764 883 1807 unum
902 1743 1108 1827 plurimae

84 1833 244 1894 consent
249 1830 334 1893 ιιιιιι
366 1833 503 1915 gentes
535 1830 681 1932 populi
707 1829 960 1931 primarium
955 1831 1092 1896 fuisse

83 1917 227 1982 virum?
259 1916 383 1982 Notum
403 1921 454 1981 est
472 1940 602 1982 carmen
619 1918 756 1982 incisum
775 1918 810 1981 in
830 1919 986 2003 sepulcro.
1018 1919 1093 1984 Iure

68 2004 187 2091 igitur
210 2005 333 2089 gravis,
361 2006 451 2069 cuius
480 2006 518 2069 de
545 2006 695 2070 laudibus
724 2005 867 2071 omnium
895 2009 981 2070 esset
1003 2006 1093 2071 fama

83 2092 297 2159 consentiens.
339 2091 441 2168 Quem
464 2094 570 2158 virum
593 2093 754 2179 nuperP.
778 2091 941 2177 Crassum,
964 2095 1094 2178 pontifi-

83 2203 153 2246 cem
173 2180 358 2264 maximum,
377 2203 472 2264 quem
491 2185 605 2265 postea
618 2181 660 2246 M.
674 2180 840 2266 Lepidum,
860 2183 972 2246 eodem
991 2204 1094 2247 sacer·

84 2268 174 2333 dotio
202 2267 328 2353 praedit
329 2291 398 2352 um,
424 2269 576 2334 vidimus!
623 2269 707 2345 Quid
734 2270 773 2333 de
795 2269 898 2335 Paulo
927 2273 985 2334 aut
1008 2269 1094 2334 Afri-

83 2377 164 2421 cano
192 2355 308 2439 loquar
332 2361 401 2441 aut,
427 2357 496 2421 ut
487 2379 554 2421 ram
577 2360 667 2440 ante,
694 2357 732 2421 de
759 2357 925 2421 Maximo?
955 2379 1094 2440 quorum

83 2466 150 2508 non
172 2444 207 2507 in
230 2444 391 2508 sententia
415 2445 534 2529 solum,
564 2445 621 2508 sed
647 2408 778 2508 <itiam
768 2466 804 2508 m
824 2448 907 2508 nutu
930 2446 1093 2510 residebat

84 2535 158 2596 auct
161 2532 224 2595 orit
226 2553 270 2595 as.
315 2531 425 2596 Habet
448 2536 593 2596 senectus
621 2531 781 2595 honorata
746 2533 997 2615 tpraesertim
1022 2537 1093 2596 tan-

82 2622 152 2682 tam
176 2619 416 2703 auctoritatem,
443 2623 481 2683 ut
508 2641 546 2683 ea
568 2618 672 2703 pluris
697 2619 740 2682 sit
763 2640 860 2701 quarn
884 2640 994 2683 omnes
1018 2619 1092 2683 adu·

83 2707 206 2771 Ιιιιιιιι
192 2706 257 2770 tiae
280 2707 475 2790 voluptates.
520 2704 582 2769 Sed
608 2705 643 2769 in
666 2705 755 2769 omni
777 2705 923 2770 oratione
953 2684 1144 2809 maman-16}

83 2797 153 2858 tote
182 2816 253 2858 eam
280 2816 332 2858 me
361 2797 558 2858 senectutem
585 2793 731 2877 laudare,
764 2814 844 2876 quae
872 2791 1092 2857 fundamentis

84 2881 321 2947 adulescentiae
340 2882 518 2946 constituta
537 2881 588 2944 sit.
624 2880 674 2946 Ex
693 2902 756 2964 quo
780 2880 959 2980 eflicitur,
949 2880 983 2943 1d
1006 2880 1093 2963 quod

84 2990 145 3055 ego
170 2989 288 3054 magno
314 2969 475 3052 quondam
493 2991 566 3033 cum
585 2990 719 3033 assensu
738 2967 882 3033 omnium
901 2967 976 3051 dixi,
999 2968 1093 3032 mise·

83 3079 155 3121 ram
187 3078 257 3121 esse
290 3059 502 3142 senectutem,
539 3079 620 3140 quae
654 3078 689 3121 se
721 3057 867 3121 oratione
900 3054 1092 3119 defenderet.

83 3143 159 3208 Non
191 3144 263 3209 cani
293 3166 352 3209 nec
383 3165 484 3230 rugae
518 3147 649 3229 repente
687 3144 846 3210 auctorita
847 3147 914 3207 tem
951 3143 1092 3227 arripere

83 3236 230 3316 possunt,
254 3233 310 3296 sed
332 3232 543 3297 honestet
491 3237 564 3298 acta
588 3232 733 3318 superior
754 3235 806 3296 aet
808 3253 843 3295 as
792 3230 985 3296 tfructus
1005 3231 1092 3316 capit

84 3320 290 3385 auctoritatis
319 3323 489 3385 extremos.
533 3319 623 3385 Haec
650 3320 736 3384 enim
762 3319 835 3403 ipsa
858 3322 934 3384 sunt
956 3320 1092 3384 honora·
1111 3335 1144 3385 63

82 3407 178 3492 bilia,
207 3429 288 3492 quae
316 3407 465 3472 videntur
491 3408 576 3472 levia
599 3411 697 3491 atque
724 3407 919 3491 eommunia,
946 3408 1092 3490 salutari,

83 3495 209 3581 adpeti,
239 3496 361 3580 decedi,
383 3495 529 3581 adsurgi,
552 3495 677 3580 deduci,
700 3495 822 3580 reduci,
845 3496 983 3581 consuli3
1011 3517 1092 3581 quae
