2446 3944
359 156 709 270 ‘-191-

84 343 208 407 incerta
231 363 301 408 esse
324 342 448 427 dicunt,
471 343 518 408 sic
540 343 582 408 ab
604 343 656 409 his
680 344 907 411 dissentientes
930 344 996 411 alia
1017 366 1091 430 pro·

84 430 221 514 babilia,
249 433 362 495 contra
388 431 454 496 alia
481 430 625 496 dicimus.
671 431 754 508 Quid
781 436 831 497 est
857 433 972 518 igitur,
1005 433 1126 517 quod8

34 598 37 605 Ι
85 540 136 582 me
154 518 309 602 impediat
328 540 375 602 ea,
393 540 475 602 quae
493 519 677 603 probabilia
695 519 776 584 mihi
793 520 971 604 videantur,
990 521 1090 605 sequi,

85 627 167 690 quae
188 608 314 689 contra,
336 606 510 690 inprobare
533 610 630 690 atque
654 607 846 672 adfirmandi
868 609 1090 694 arrogantiam

84 694 243 759 vitantem
269 693 382 779 fugere
409 693 642 778 temeritatem,
674 717 756 779 quae
785 717 805 759 a
837 696 997 779 sapientia
1028 696 1090 760 dis-

85 782 168 846 sidet
194 781 391 866 plurimum?
436 780 559 847 Contra
587 785 695 846 autem
723 783 832 848 omnia
859 783 1043 868 disputatur
1070 806 1090 848 a

84 869 215 953 nostris,
237 869 323 952 quod
345 869 408 934 hoc
425 869 534 954 ipsum
556 870 726 954 probabile
744 870 869 935 elucere
886 892 952 936 non
969 874 1089 956 posset,

84 957 147 1021 nisi
170 978 209 1020 ex
230 960 368 1040 utraque
390 961 483 1041 parte
506 979 676 1022 causarum
699 961 784 1023 esset
805 957 894 1023 facta
915 959 1088 1024 contentio.

85 1043 147 1109 Sed
169 1045 249 1109 haec
272 1045 445 1129 explanata
471 1049 547 1109 sunt
573 1045 608 1108 in
630 1045 831 1110 Academicis
853 1046 975 1111 nostris
999 1047 1088 1129 satis,

85 1135 121 1196 ut
145 1132 296 1216 arbitror,
318 1132 499 1218 diligenter.
536 1132 610 1197 Tibi
632 1136 750 1218 autem,
772 1133 818 1197 mi
836 1131 957 1216 Cicero,
980 1155 1089 1217 quam·

86 1242 183 1303 quam
204 1220 240 1284 in
259 1220 486 1304 antiquissima
503 1221 769 1305 nobilissimaque
787 1220 996 1306 philosophia
1013 1219 1089 1286 Cra·

84 1308 176 1392 tippo
195 1311 325 1373 auctore
343 1308 483 1372 versaris
501 1307 542 1389 iis
562 1308 743 1392 simillimo,
767 1309 823 1393 qui
840 1309 906 1373 ista
922 1309 1090 1392 praeclara

84 1398 287 1480 pepererrmt,
309 1399 421 1460 tamen
437 1395 517 1460 haec
533 1399 648 1461 nostra
664 1396 814 1461 finituma
833 1397 952 1461 vestris
974 1396 1089 1481 ignota

85 1505 155 1548 esse
177 1483 277 1547 nolui.
323 1481 385 1547 Sed
407 1483 472 1547 iam
496 1483 537 1547 ad
558 1484 710 1548 instituta
732 1504 914 1568 pergamus.

1106 1540 1127 1604 3

152 1569 299 1654 Quinque
324 1570 426 1656 igitur
452 1571 633 1636 rationibus
659 1571 838 1656 propositis
863 1571 962 1636 officii
983 1592 1123 1665 perse-9

86 1658 211 1742 quendi,
234 1680 370 1742 quarum
393 1657 474 1722 duae
495 1658 536 1722 ad
554 1659 648 1723 decus
666 1659 933 1743 honestatemque
951 1659 1089 1743 pertine·
1165 1665 1167 1669 ’

84 1749 167 1830 rent,
190 1746 270 1810 duae
293 1746 334 1810 ad
352 1746 521 1811 commoda
537 1746 634 1830 vitae,
657 1747 776 1831 copias,
799 1768 886 1832 opes,
907 1746 1089 1831 facultates,

86 1834 199 1918 quinta
214 1833 263 1898 -ad
286 1833 425 1918 eligendi
447 1833 608 1918 iudicium,
631 1834 810 1918 siquando
833 1856 884 1918 ea,
907 1856 990 1918 quae
1013 1834 1088 1918 dixi,

85 1943 229 2006 pugnare
252 1921 396 2020 inter-se
418 1921 617 2023 viderentur,
638 1922 827 2022 honestatis·
843 1944 919 2023 pars
942 1921 1089 1987 confecta

86 2008 1089 2182 11111111111111111111113111ἵὲ

86 2185 279 2268 appellatur.
323 2183 363 2247 In
390 2206 453 2267 quo
480 2186 579 2250 verbo
606 2186 699 2270 lapsa
731 2185 927 2250 consuetudo
959 2184 1088 2249 deflexit

85 2272 124 2336 de
146 2272 200 2336 via
223 2271 406 2355 sensimque
433 2294 471 2336 eo
499 2272 635 2338 deducta
661 2277 725 2356 est,
751 2276 788 2337 ut
814 2272 1019 2338 honestatem
1047 2273 1087 2336 ab

84 2360 229 2425 utilitate
252 2381 418 2424 secernens
442 2360 652 2427 constitueret
671 2382 740 2425 esse
762 2360 935 2424 honestum
958 2360 1088 2443 aliquid,

85 2447 171 2531 quod
198 2447 278 2511 utile
304 2468 371 2511 non
398 2451 497 2531 esset,
524 2452 557 2512 et
584 2448 677 2530 utile,
705 2448 791 2531 quod
817 2470 883 2512 non
906 2447 1089 2530 honestum,

86 2557 149 2618 qua
166 2536 258 2599 nulla
275 2535 431 2619 pernicies
450 2535 554 2600 maior
566 2534 735 2600 hominum
747 2536 835 2600 vitae
850 2538 909 2619 pot
934 2535 959 2599 't
973 2535 1088 2599 afferri.

85 2620 219 2687 Summa
237 2622 366 2706 quidem
384 2622 577 2687 auctoritate
599 2622 788 2706 philosophi
810 2643 919 2688 severe
942 2644 1019 2687 sane
1042 2625 1089 2685 at·
1108 2637 1141 2686 10

85 2732 148 2794 que
161 2710 296 2775 honeste
310 2709 389 2774 haec
407 2711 472 2774 tria
486 2730 605 2795 genera
619 2709 753 2774 confusa
767 2709 964 2794 cogitatione
978 2708 1088 2772 distin-

85 2801 197 2881 guunt.
231 2795 402 2880 [Quicquid
420 2797 505 2861 enim
523 2797 646 2861 iustum
664 2797 717 2879 sit,
738 2797 772 2860 id
795 2796 893 2861 etiam
915 2795 996 2859 utile
1020 2816 1088 2859 esse

85 2888 226 2964 censent,
243 2885 385 2969 itemque
404 2885 489 2969 quod
506 2885 688 2968 honestum,
705 2884 791 2948 idem
808 2883 944 2965 iustum3
967 2903 1005 2946 ex
1025 2903 1087 2964 quo

85 2973 237 3056 efficitur,
264 2977 314 3056 ut,
342 2972 493 3056 quicquid
520 2972 691 3037 honestum
719 2972 776 3055 sit,
801 2970 886 3035 idem
914 2969 958 3034 sit
984 2969 1087 3048 utile]

84 3059 178 3136 Quod
195 3061 252 3145 qui
268 3083 384 3146 parum
401 3059 611 3144 perspiciunt,
627 3060 652 3124 ii
670 3081 766 3144 saepe
778 3060 927 3124 versutos
941 3056 1088 3121 homines

85 3153 118 3214 et
146 3150 280 3215 callidos
308 3148 505 3212 admirantes
533 3148 694 3212 malitiam
722 3145 914 3231 sapientiam
936 3144 1088 3210 iudicant.

85 3236 229 3313 Quorum
252 3257 342 3301 error
365 3234 547 3320 eripiendus
571 3239 622 3301 est
644 3235 815 3320 opinioque
834 3233 938 3298 omnis
957 3233 998 3298 ad
1017 3255 1087 3297 eam

84 3347 175 3409 spem
198 3322 402 3406 traducenda,
424 3326 461 3388 ut
478 3322 624 3389 honestis
644 3323 786 3389 consiliis
807 3321 964 3405 iustisque
982 3321 1087 3404 factis,

83 3434 150 3477 non
170 3411 284 3476 fraude
307 3415 340 3475 et
362 3411 488 3476 malitia
511 3433 545 3476 se
567 3412 762 3496 intellegant
789 3432 840 3494 ea,
867 3431 949 3494 quae
976 3409 1087 3491 velint,

83 3499 237 3583 consequi
259 3520 363 3584 posse.
408 3497 496 3575 Quae
519 3520 597 3585 ergo
621 3499 662 3563 ad
684 3499 785 3564 vitam
807 3498 975 3563 hominum
997 3500 1138 3560 tuen-11
