2446 3944
380 188 794 254 .-529-·

59 348 266 433 tranquillae,
286 348 424 432 quietae,
441 347 557 412 beatae
575 347 662 414 vitae
681 345 875 413 deduceret?
908 345 969 422 Qui
988 345 1074 430 quod

57 437 118 501 tibi
136 459 253 521 parum
271 436 400 501 videtur
418 435 572 520 eruditus,
591 457 630 500 ea
649 456 747 502 causa
767 438 826 520 est,
845 435 930 521 quod
949 435 1073 499 nullam

58 525 273 590 eruditionem
296 547 367 589 esse
391 522 495 608 duxit,
523 524 588 588 nisi
617 546 698 607 quae
725 523 841 589 beatae
869 525 955 589 vitae
979 523 1073 589 disci-

56 613 181 698 plinam
208 614 344 687 iuvaret.
389 613 445 676 An
471 613 527 677 ille
556 616 682 696 tempus
711 615 767 676 aut
794 613 828 677 in
855 612 960 696 politis
989 614 1073 679 evol·
1092 629 1127 680 72

56 701 184 786 vendis,
207 707 245 766 ut
268 722 329 787 ego
353 704 387 766 et
409 700 556 765 Triarius
580 704 612 765 te
635 701 803 765 hortatore
826 702 976 783 facimus,
1000 723 1073 766 eon·

57 794 211 870 sumeret,
246 790 282 855 in
319 790 436 875 quibus
472 790 564 854 nulla
601 789 705 856 solida
740 789 866 853 utilitas
903 789 1072 875 omnisque

56 879 192 962 puerilis
222 884 272 943 est
300 877 485 961 delectatio,
514 881 570 942 aut
598 899 645 962 se,
673 881 710 942 ut
732 875 841 961 Plato,
868 877 904 941 in
930 879 1072 962 musicis,

57 967 246 1052 geometria,
268 966 422 1051 numeris,
446 966 543 1032 astris
567 969 757 1049 contereret,
780 988 862 1050 quae
886 968 919 1030 et
939 988 958 1031 a
978 967 1071 1032 falsis

57 1055 160 1120 initiis
192 1055 341 1140 profecta
372 1077 450 1120 vera
479 1077 549 1120 esse
578 1077 645 1121 non
666 1058 805 1138 possunt
832 1058 878 1138 et,
906 1055 935 1120 si
963 1059 1072 1120 essent

56 1165 141 1228 vera,
164 1145 248 1209 nihil
272 1144 434 1227 afferrent,
457 1165 521 1229 quo
540 1143 720 1228 iucundius,
744 1142 777 1222 id
800 1148 850 1209 est
869 1165 933 1228 quo
955 1143 1071 1209 melius

55 1233 247 1317 viveremus,
271 1254 325 1298 eas
344 1252 422 1317 ergo
440 1235 525 1297 artes
545 1235 802 1317 persequeretur,
819 1232 949 1298 vivendi
968 1236 1071 1297 artem

55 1323 183 1385 tantam
205 1325 338 1404 tamque
357 1342 528 1405 operosam
549 1324 583 1386 et
600 1321 732 1404 perinde
754 1321 956 1386 fructuosam
973 1321 1072 1386 relin-

56 1408 191 1492 queret?
227 1408 303 1474 Non
328 1429 405 1491 ergo
427 1408 589 1492 Epicurus
608 1408 798 1493 ineruditus,
822 1410 878 1474 sed
895 1409 920 1474 ii
937 1410 1070 1494 indocti,

56 1497 125 1581 qui,
154 1517 237 1580 quae
262 1518 381 1580 pueros
409 1519 475 1562 non
503 1496 653 1562 didicisse
679 1501 774 1581 turpe
802 1502 864 1581 est,
892 1520 931 1563 ea
952 1502 1071 1582 putant

56 1606 158 1668 usque
177 1584 219 1649 ad
237 1587 436 1667 senectutem
455 1607 526 1649 esse
544 1585 704 1672 discenda.
737 1586 826 1663 Quae
840 1609 912 1652 oum
928 1585 1070 1670 dixisset,

55 1672 238 1756 Explicavi,
256 1673 371 1757 inquit,
389 1674 585 1739 sententiam
604 1696 720 1760 meam,
737 1679 771 1738 et
789 1696 827 1740 eo
846 1674 975 1759 quidem
996 1698 1069 1741 con·

57 1761 140 1842 silio,
154 1765 247 1826 tuum
261 1762 415 1826 iudicium
429 1767 466 1827 ut
480 1783 716 1847 cognoscerem,
732 1785 814 1847 quae
829 1764 910 1829 mihi
923 1763 1070 1848 facultas,

54 1853 91 1914 ut
113 1849 147 1914 id
171 1872 242 1915 meo
267 1850 427 1915 arbitratu
450 1851 603 1936 facerem,
631 1856 706 1916 ante
733 1851 796 1918 hoe
823 1857 952 1938 tempus
979 1875 1070 1918 num·

55 1960 152 2022 quam
175 1943 226 2003 est
248 1939 332 2004 data.

15 3616 21 3628 ‘
109 3631 292 3686 uersentur,
307 3632 352 3678 uic
365 3631 482 3688 aestuosa.
496 3633 610 3688 cossa.
922 3649 958 3702 aa
968 3264 1152 3716 s
