2446 3944
551 189 791 254 -464-

166 349 356 416 Carneades.
392 346 477 412 Nam
496 370 578 432 oum,
599 370 816 433 quaecumque
833 349 920 414 bona
937 349 1181 437 Peripateticis,

167 438 277 503 eadem
296 435 412 502 Stoicis
431 436 599 501 commoda
617 437 816 520 viderentur,
836 458 939 521 neque
956 443 1074 503 tamen
1092 439 1178 504 Peri·

165 525 299 609 patetioi
313 525 385 608 plus
399 524 581 588 tribuerent
594 524 725 609 divitiis,
738 525 842 589 bonae
857 525 1048 610 valetudini,
1064 528 1177 592 ceteris

166 614 261 678 rebus
289 612 416 698 generis
444 611 585 676 eiusdem
613 633 709 696 quam
737 611 850 695 Stoici,
880 633 1015 678 cumea
1038 636 1089 698 re,
1113 636 1178 680 non

166 700 273 765 verbis
296 700 562 784 ponderarentur,
585 722 715 764 oausam
737 721 805 765 esse
828 701 1003 766 dissidendi
1022 705 1176 787 negabat

168 787 273 863 Quare
294 787 381 852 huno
403 788 510 852 loeum
528 791 705 852 ceterarum
724 787 967 872 disciplinarum
984 789 1176 873 philosophi

168 897 263 961 quem
287 875 327 940 ad
350 875 480 939 modum
498 876 645 940 obtinere
666 877 807 960 possint,
829 877 892 960 ipsi
915 875 1071 961 viderint3
1095 879 1176 943 mihi

166 966 276 1029 tamen
298 965 427 1048 gratum
446 966 509 1044 est,
531 962 616 1045 quod
639 964 677 1028 de
696 964 892 1048 sapientium
911 968 1071 1048 perpetua
1094 967 1175 1032 bene

166 1051 296 1116 vivendi
312 1051 467 1116 facultate
485 1050 618 1136 dignum
635 1051 788 1135 quiddam
806 1051 1078 1135 philosophorum
1097 1075 1174 1120 voce

189 1138 367 1204 rofitentur.

116 1161 188 1284 121p
234 1224 296 1291 sed
319 1226 471 1310 quoniam
493 1247 588 1290 mane
610 1228 661 1290 est
683 1226 836 1309 eundum,
861 1227 922 1291 has
945 1223 1088 1311 quinque
1113 1229 1175 1293 die

167 1334 239 1379 rum
254 1313 490 1396 disputationes
503 1314 658 1378 memoria
672 1309 987 1397 compiehendamus.
1013 1313 1175 1400 Equidem

167 1423 219 1465 me
237 1402 335 1465 etiam
359 1401 613 1484 conscripturum
632 1401 773 1466 arbitror
795 1401 865 1487 (ubi
884 1401 969 1466 enim
988 1403 1108 1470 melius
1127 1403 1174 1470 uti

167 1509 336 1571 possumus
362 1488 438 1572 hoe,
466 1489 655 1554 cuicuimodi
677 1492 739 1572 est,
763 1487 880 1575 otiol),
908 1490 948 1554 ad
971 1489 1175 1577 Brutumque

167 1580 315 1641 nostrum
341 1575 401 1640 hos
428 1576 530 1641 libros
553 1577 673 1641 alteros
701 1577 840 1662 quinque
862 1577 1043 1660 mittemus,
1068 1602 1088 1643 a
1112 1602 1174 1665 quo

168 1684 235 1727 non
261 1664 357 1729 modo
384 1664 505 1747 inpulsi
528 1686 636 1728 sumus
658 1664 698 1729 ad
720 1664 946 1748 philosophiae
970 1667 1174 1752 seriptiones,

167 1773 279 1815 verum
303 1750 400 1815 etiam
422 1751 573 1816 lacessiti.
621 1751 661 1816 In
688 1775 751 1836 quo
780 1757 935 1836 quantum
959 1755 1079 1820 ceteris
1102 1778 1173 1839 pro·

167 1839 269 1903 futuri
288 1839 401 1920 simus,
423 1860 490 1903 non
511 1839 607 1904 facile
625 1838 772 1924 dixerim,
793 1841 913 1905 nostris
937 1841 1070 1924 quidem
1089 1865 1173 1908 noer-

167 1925 310 1990 bissimis
341 1926 504 1991 doloribus
535 1927 697 2012 variisque
735 1931 767 1992 et
798 1928 937 2012 undique
969 1928 1199 2000 circumfusis,

168 2013 325 2078 molestiis
349 2013 413 2078 alia
434 2014 527 2080 nulla
548 2016 656 2100 potuit
678 2014 816 2080 inveniri
839 2015 969 2081 levatio.
