2446 3944
388 190 708 288 *³515*
813 286 815 291 θ

85 351 214 416 dolores
247 355 280 416 et
311 372 391 436 quas
423 351 591 416 molestias
624 351 788 435 excepturi
820 352 900 436 sint,
931 353 1093 418 occaecati

86 439 263 522 cupiditate
284 461 351 504 non
370 438 556 522 provident,
580 439 740 522 similique
760 443 834 504 sunt
854 439 1015 524 inculpa,
1038 441 1093 524 qui

86 526 194 590 officia
216 527 368 592 deserunt
384 527 525 592 mollitia
543 527 656 609 animi,
677 527 712 590 id
735 530 784 591 est
807 527 956 592 laborum
980 531 1013 592 et
1036 528 1090 593 do·

86 614 192 679 lorum
223 614 310 699 iuga.
355 613 401 678 Fit
422 614 539 680 harum
566 613 697 699 quidem
722 635 830 678 rerum
851 614 959 680 facilis
982 619 1033 682 cst
1060 619 1123 680 et·

87 701 236 785 expedita
258 703 433 768 distinctio.
476 701 563 768 Nam
584 702 685 767 libero
708 706 868 785 tempore,
890 725 963 767 cum
987 704 1093 770 soluta

84 789 180 855 nobis
208 794 259 855 est
286 790 425 874 eligendi
453 791 557 874 optio,
586 811 721 873 cumque
747 789 831 853 nihil
853 790 1001 874 impedit,
1029 812 1092 875 quo

85 877 192 942 minus
224 878 271 960 id,
308 878 393 961 quod
431 877 570 943 maximo
602 877 745 961 placcat,
782 877 887 942 facere
923 879 1094 963 possimus,

86 965 191 1030 omnis
213 967 363 1049 voluptas
387 966 579 1031 assumenda
601 970 663 1048 cst,
692 965 796 1029 omnis
817 964 910 1030 dolor
935 966 1093 1049 depellen-

86 1053 154 1118 dus.
208 1053 419 1138 Temporibus
452 1057 561 1118 autem
595 1052 788 1137 quibusdam
819 1056 853 1117 et
884 1056 941 1118 aut
977 1053 1093 1118 officiis

85 1139 203 1206 debitis
227 1145 283 1207 aut
304 1164 413 1207 rerum
439 1141 689 1206 necessitatibus
715 1162 812 1223 saepe
841 1141 979 1225 eveniet,
1001 1144 1039 1206 ut
1061 1144 1095 1206 et

85 1230 269 1313 voluptates
300 1229 517 1313 repudiandae
549 1229 617 1293 sint
649 1232 681 1293 et
711 1228 881 1293 molestiae
911 1250 977 1294 non
1005 1250 1093 1294 recu-

85 1318 211 1382 sandae.
259 1316 374 1402 Itaque
402 1339 513 1382 earum
539 1338 648 1381 rerum
674 1314 728 1381 hic
755 1319 884 1381 tenetur
905 1339 926 1381 a
948 1317 1094 1400 sapiente
1207 1357 1210 1361 >

85 1403 235 1482 dilectus,
262 1408 299 1468 ut
327 1408 383 1469 aut
405 1404 574 1469 reiciendis
604 1404 826 1487 voluptatibus
849 1404 988 1469 maiores
1012 1404 1092 1469 alias

86 1489 297 1574 consequatur
325 1495 382 1556 aut
407 1491 605 1574 perferendis
637 1491 802 1555 doloribus
835 1491 1016 1575 asperiores
1046 1514 1094 1558 re-

84 1579 196 1661 pellat.
243 1577 337 1644 Hanc
364 1598 425 1663 ego
453 1601 526 1644 cum
551 1583 680 1644 teneam
707 1579 916 1663 sententiam,
944 1580 1020 1663 quid
1043 1584 1093 1645 est
1111 1594 1146 1642 34
1176 1615 1177 1618 =

86 1688 142 1731 cur
164 1687 290 1750 verear,
311 1689 354 1732 ne
376 1667 417 1731 ad
435 1687 506 1731 cam
523 1688 590 1731 non
611 1667 735 1751 possim
753 1667 996 1733 accommodare
1014 1667 1093 1732 Tor·
1211 1725 1213 1728 ,

86 1757 202 1837 quatos
224 1755 375 1840 nostros?
402 1776 482 1839 quos
505 1758 541 1820 tu
570 1755 668 1837 paulo
697 1757 771 1820 ante
801 1776 874 1819 cum
897 1756 1093 1840 memoriter,

85 1845 155 1906 tum
179 1842 277 1907 etiam
300 1862 379 1927 erga
399 1864 460 1907 nos
480 1843 581 1907 amice
604 1845 638 1907 et
660 1843 815 1908 benevole
837 1843 1012 1928 collegisti,
1034 1865 1093 1909 nco

85 1950 136 1993 me
159 1932 268 1995 tamen
290 1929 459 1997 laudandis
477 1931 655 1995 maioribus
673 1931 753 1995 meis
772 1932 945 2013 corrupisti
962 1953 1021 1996 neo
1044 1953 1092 1996 se·

85 2018 234 2100 gniorem
261 2018 302 2082 ad
328 2018 588 2103 respondendum
614 2018 792 2084 reddidisti.
837 2017 981 2094 Quorum
1006 2018 1093 2085 facta

85 2127 181 2190 quem
208 2106 249 2171 ad
275 2106 418 2186 modum,
446 2128 580 2191 quaeso,
606 2106 854 2191 interpretaris?
906 2105 1012 2172 Sicine
1037 2128 1092 2172 eos

85 2215 194 2260 censes
223 2195 341 2260 autin
368 2198 529 2261 armatum
555 2195 683 2260 hostem
710 2195 870 2278 impetum
898 2194 1013 2260 fecisse
1037 2199 1093 2260 aut

84 2283 120 2345 in
150 2282 271 2348 liberos
304 2285 400 2367 atque
431 2284 466 2348 in
499 2283 689 2368 sanguinem
721 2304 815 2346 suum
853 2284 922 2346 tam
956 2282 1092 2348 crudelis

84 2368 197 2452 fuisse,
218 2370 301 2433 nihil
322 2374 360 2435 ut
382 2370 422 2435 de
443 2370 652 2452 utilitatibus,
679 2369 763 2443 nihil
789 2373 827 2432 ut
853 2368 892 2432 de
915 2370 1092 2434 commodis

86 2456 152 2522 suis
181 2457 384 2539 cogitarent?
433 2455 480 2522 At
505 2458 540 2522 id
565 2477 605 2522 ne
627 2456 715 2520 ferae
738 2454 867 2540 quidem
889 2455 1026 2540 faciunt,
1056 2459 1094 2520 ut

84 2543 132 2607 ita
153 2547 250 2607 ruant
272 2544 382 2628 itaque
404 2546 549 2625 turbent,
572 2546 622 2627 ut,
645 2563 755 2606 earum
772 2545 880 2607 motus
900 2545 933 2607 et
950 2544 1091 2626 impetus

85 2653 147 2715 quo
182 2630 381 2714 pertineant,
410 2653 477 2696 non
508 2630 746 2715 intellegamus3
781 2632 817 2694 tu
844 2633 913 2694 tam
941 2632 1091 2716 egregios

84 2719 172 2784 viros
205 2739 315 2784 censes
346 2721 456 2784 tantas
487 2739 540 2782 res
568 2718 707 2802 gessisse
734 2718 803 2781 sine
830 2718 948 2783 causa?
1003 2718 1144 2794 Quaeso

84 2805 181 2870 fuerit
213 2827 323 2890 causa,
354 2827 430 2871 mox
456 2806 580 2889 vider03
608 2806 731 2870 interea
757 2805 819 2871 hoo
841 2807 972 2890 tenebo,
999 2807 1028 2872 si
1050 2808 1092 2872 ob

86 2894 229 2978 aliquam
252 2915 382 2959 causam
404 2894 481 2978 ista,
505 2915 587 2978 quae
610 2893 678 2958 sine
701 2893 799 2958 dubio
819 2894 986 2977 praeclara
1009 2898 1092 2978 sunt,

84 2982 233 3065 fecerint,
255 2982 410 3046 virtutem
431 2981 472 3047 iis
494 3003 551 3065 per
575 3003 608 3046 se
626 2981 731 3065 ipsam
750 3002 878 3046 causam
898 3003 963 3048 non
981 2981 1091 3046 fuisse.

87 3105 126 3116 —
147 3069 307 3154 Torquem
330 3070 469 3135 detraxit
490 3069 588 3134 hosti.
608 3105 646 3116 -
666 3067 712 3133 Et
730 3069 857 3152 quidem
880 3091 914 3132 se
936 3069 1027 3151 texit,
1050 3090 1091 3132 ne

84 3158 241 3222 interiret
262 3193 300 3204 -
320 3156 368 3222 At
385 3177 538 3241 magnum
559 3157 738 3240 periculum
761 3156 850 3221 adiit
868 3192 912 3204 —
929 3155 969 3220 In
989 3157 1091 3221 oculis

85 3245 215 3328 quidem
237 3246 404 3310 exercitus.
428 3282 469 3293 -
493 3244 578 3321 Quid
605 3266 643 3309 ex
672 3265 710 3309 eo
740 3248 790 3308 est
812 3243 1024 3309 consecutus?
1049 3281 1089 3291 -

84 3332 227 3398 Laudem
254 3337 288 3398 et
314 3334 495 3416 caritatem,
525 3353 604 3416 quae
628 3337 704 3399 sunt
725 3332 812 3397 vitae
837 3333 905 3396 sine
928 3336 1016 3397 metu
1039 3335 1091 3398 de-

85 3422 207 3506 gendae
233 3423 395 3505 praesidia
417 3421 612 3488 firmissima.
635 3459 678 3469 -
700 3419 820 3485 Filium
847 3424 951 3486 morte
974 3422 1090 3486 multa·
1130 3468 1173 3704 Ι

84 3510 141 3576 vit
163 3547 207 3556 —
230 3508 265 3576 Si
292 3509 495 3595 siraconus,
521 3511 643 3577 nollem
670 3530 721 3574 me
748 3508 789 3573 ab
813 3530 851 3573 eo
875 3513 994 3635 qrtum,
1021 3513 1090 3574 tam
1105 3558 1129 3598 ,-

848 3606 881 3654 33
