2446 3944
424 177 779 269 '-51e-

153 365 1170 540 structurarumretrudeturtul

154 545 236 608 simo
268 543 354 608 bello
386 541 673 607 animadversionis
708 544 795 606 metu
835 543 1028 626 contineret,
1066 542 1169 608 saluti

130 631 319 714 ‘prospexit
353 630 484 713 civium,
521 651 585 713 qua
619 628 832 713 intellegebat
867 630 1025 695 contineri
1063 653 1168 697 suam.

102 731 136 780 36
154 720 261 803 Atque
291 719 372 783 haee
403 718 488 782 ratio
519 717 585 781 late
616 720 715 800 patet.
758 716 798 781 In
825 738 888 801 quo
914 718 1000 782 enim
1023 719 1168 783 maxime

154 805 321 872 consuevit
342 806 463 870 iactare
481 808 589 870 vestra
608 826 642 868 se
665 805 784 887 oratio,
806 808 863 869 tua
884 807 1087 890 praesertim,
1112 807 1168 890 qui

154 895 297 959 studiose
325 894 459 976 antiqua
484 892 698 977 persequeris,
725 892 822 957 claris
851 895 884 956 11
910 892 1052 958 fortibus
1085 895 1166 959 viris

155 981 443 1047 commemorandis
466 1001 639 1064 eorumque
661 979 758 1044 factis
775 1001 841 1044 non
864 982 1083 1046 emolumento
1109 982 1166 1046 ali·

155 1068 312 1223 scruti
334 1068 1166 1237 11111111311311111131

154 1250 236 1328 tuto,
254 1248 291 1308 ut
305 1247 362 1309 aut
374 1244 556 1327 voluptates
575 1204 769 1307 omittantur
782 1243 941 1308 maiorum
959 1206 1165 1328 voluptatum

155 1332 433 1416 adipiscendarum
452 1353 548 1395 causa
562 1334 618 1395 aut
633 1330 759 1395 dolores
774 1331 988 1414 suscipiantur
1004 1334 1165 1398 maiorum

157 1422 303 1487 dolorum
327 1418 580 1503 effugiendorum
602 1419 717 1503 gratia.

103 1479 144 1605 ἐξ
223 1507 284 1574 sed
316 1507 354 1571 de
384 1508 544 1571 clarorum
575 1505 743 1570 hominum
778 1506 875 1571 factis
911 1507 1097 1585 illustribus
1134 1513 1166 1574 et

156 1596 306 1682 gloriosis
337 1595 417 1660 satis
448 1594 511 1658 hoc
537 1595 608 1659 loco
635 1595 756 1659 dictum
785 1594 836 1658 sit.
884 1595 959 1660 Erit
987 1597 1075 1660 enim
1100 1599 1166 1662 iam

156 1686 195 1749 de
228 1684 371 1749 omnium
398 1683 554 1747 virtutum
583 1703 677 1746 cursu
709 1682 750 1746 ad
780 1682 984 1766 voluptatem
1012 1686 1166 1768 proprius

156 1772 332 1838 disserendi
367 1772 464 1836 locus.
522 1768 616 1834 Nunc
652 1773 761 1833 autem
797 1770 978 1854 explicabo,
1013 1773 1166 1857 voluptas

155 1861 228 1944 ipsa
255 1880 338 1943 quae
365 1858 535 1941 qualisque
562 1857 618 1936 sit,
644 1860 682 1921 ut
708 1857 843 1922 tollatur
866 1880 954 1922 error
975 1861 1083 1924 omnis
1107 1861 1168 1924 im-

155 1947 333 2030 peritorum
360 1945 645 2029 intellegaturque,
672 1966 723 2028 ea,
751 1967 832 2029 quae
858 1946 1057 2031 voluptaria,
1086 1947 1167 2013 deli-

157 2037 243 2116 cata,
266 2033 373 2097 mollis
395 2032 554 2097 habeatur
579 2032 764 2115 disciplina,
793 2054 889 2116 quam
916 2033 1040 2119 gravis,
1068 2057 1168 2119 quam

157 2122 338 2204 continens,
366 2142 462 2203 quam
489 2141 601 2184 severa
629 2120 679 2184 sit.
730 2119 805 2185 Non
833 2121 919 2184 enim
945 2120 1032 2186 hanc
1062 2124 1168 2188 solam

158 2209 333 2292 sequimur,
357 2228 438 2291 quae
457 2207 615 2270 suavitate
635 2208 744 2291 aliqua
760 2210 910 2272 naturam
928 2209 1035 2292 ipsam
1057 2216 1170 2277 movet

157 2302 191 2362 et
218 2318 290 2360 oum
317 2295 516 2359 iucunditate
544 2295 681 2378 quadam
712 2296 887 2379 percipitur
914 2298 1078 2377 sensibus,
1112 2300 1170 2364 sed

157 2385 332 2448 maximam
354 2384 555 2465 voluptatem
578 2382 670 2446 illam
693 2383 862 2466 habemus,
886 2406 966 2467 quae
988 2386 1172 2470 percipitur

157 2473 245 2536 omni
268 2471 378 2535 dolore
401 2471 554 2534 detracto
598 2468 684 2534 Nam
707 2472 872 2555 quoniam,
899 2493 971 2535 cum
999 2474 1171 2555 privamur

157 2560 279 2641 dolore,
306 2559 379 2641 ipsa
405 2557 595 2622 liberatione
622 2562 656 2621 et
677 2558 840 2623 vacuitate
867 2560 973 2623 omnis
997 2563 1170 2628 molestiae

157 2647 347 2732 gaudemus,
375 2667 469 2711 omne
497 2649 602 2709 autem
632 2645 679 2728 id,
706 2668 768 2730 quo
797 2646 986 2730 gaudemus,
1012 2650 1169 2734 voluptas

157 2739 220 2816 est,
248 2737 285 2798 ut
312 2755 418 2817 omne,
447 2755 509 2817 quo
538 2733 743 2815 offendimur,
775 2735 881 2820 dolor,
910 2736 1031 2800 doloris
1061 2739 1169 2803 omnis

157 2823 296 2906 privatio
319 2825 405 2886 recte
427 2821 593 2884 nominate
616 2824 665 2884 101
688 2822 848 2905 voluptas.
896 2821 942 2886 Ut
965 2824 1067 2909 enim,
1095 2847 1168 2890 cnm

157 2911 229 2974 cibo
258 2913 290 2973 et
316 2909 447 2992 potione
474 2908 576 2972 fames
604 2908 738 2991 sitisque
766 2909 899 2992 depulsa
926 2915 988 2993 est,
1017 2912 1093 2994 ipsa
1115 2914 1169 2978 de-

156 2997 273 3063 tractio
297 2997 463 3061 molestiae
494 2997 754 3061 consecutionem
781 2997 875 3062 affert
901 2998 1093 3085 voluptatis,
1124 3003 1169 3066 sic

156 3086 192 3150 in
220 3085 308 3150 omni
329 3105 363 3148 re
386 3083 506 3148 doloris
530 3084 650 3147 amotio
674 3085 909 3149 successionem
931 3085 1032 3150 efficit
1054 3089 1169 3172 volup·

105 3191 138 3240 38
159 3173 247 3237 tatis.
286 3172 401 3256 Itaque
424 3193 489 3236 non
512 3171 634 3254 placuit
656 3171 797 3254 Epicuro
822 3172 962 3236 medium
981 3194 1053 3238 esse
1078 3177 1168 3261 quid·

158 3261 233 3324 dam
260 3260 344 3323 inter
371 3259 516 3323 dolorem
543 3262 576 3322 et
602 3259 816 3342 voluptatem3
839 3259 919 3323 illud
942 3262 1028 3325 enim
1052 3263 1168 3348 ipsum,

158 3347 243 3429 quod
271 3346 463 3430 quibusdam
496 3345 637 3409 medium
664 3346 804 3430 videtur,
834 3368 907 3411 cum
934 3350 1024 3414 omni
1057 3351 1169 3417 dolore

158 3437 293 3516 careret,
325 3456 392 3498 non
427 3434 522 3499 modo
559 3435 759 3517 voluptatem
797 3456 882 3518 esse,
919 3457 1031 3501 verum
1069 3439 1169 3504 etiam

85 3516 317 3711 Ἱαωαιη
339 3522 547 3606 voluptatem.
587 3521 739 3605 Quisquis
763 3523 850 3587 enim
873 3524 986 3608 sentit,
1009 3547 1107 3609 quem
1130 3527 1171 3593 ad
