2446 3944
550 199 701 264 -428
748 235 787 245 —

165 358 298 443 vulgata
321 360 409 440 sunt,
432 357 488 421 sed
510 357 613 421 multo
635 356 755 440 magis,
782 355 871 439 quia,
897 357 1077 440 tamquam
1101 356 1183 423 levia

166 445 323 528 quaedam
341 445 417 508 vina
433 444 517 508 nihil
539 444 702 508 valentin
720 465 815 527 aqua,
838 445 886 507 sic
904 441 1101 509 Stoicorum
1122 445 1182 510 ieta

165 533 282 683 titt,
303 530 1091 684 dllltqltlzllaaldclud-2¹23
1112 533 1181 685 tl?

166 707 273 771 stituit
300 710 375 770 ante
402 705 512 771 oculos
540 728 612 771 cum
640 640 841 789 amplissima
868 639 1049 789 dignitdtleff
1076 711 1117 772 ut
1144 707 1181 773 ad

166 815 221 858 eas
245 794 364 858 cursim
392 797 576 877 perrectura
598 814 657 858 nec
680 815 734 857 cas
760 793 856 857 beata
878 793 946 857 vita
969 815 991 858 a
1014 815 1052 858 se
1077 795 1180 860 deser·

117 898 148 947 14
165 886 218 946 tas
250 904 394 965 passura¹
415 881 578 965 rideatur3
616 903 689 946 cum
721 883 829 944 autem
861 880 1008 945 animum
1041 883 1089 949 ab
1121 883 1179 948 ista

165 969 291 1052 pictura
318 969 577 1053 imaginibusque
599 969 756 1033 virtutum
786 967 827 1032 ad
849 989 919 1031 rem
941 968 1179 1054 veritatemque

165 1057 355 1140 traduxeris,
372 1056 435 1122 hoc
452 1056 573 1120 nudum
586 1056 789 1140 relinquitur,
806 1055 953 1137 possitne
972 1056 1050 1140 quis
1066 1058 1177 1122 beatus

166 1166 249 1227 esse,
276 1166 372 1227 quam
400 1144 454 1207 diu
477 1147 674 1227 torqueatur.
719 1142 821 1219 Quam
845 1144 979 1207 obrem
1005 1144 1178 1210 hocnuuc
1220 1166 1222 1217 ι

166 1230 1177 1386 ltmultifidi?”tltmctf'tlltlltffptllll
1220 1228 1222 1257 ⁵

165 1341 257 1470 nullla
275 1407 377 1470 virtus
400 1406 570 1489 prudentia
587 1409 695 1488 vacat,
717 1405 887 1489 prudentia
908 1405 980 1488 ipsa
998 1406 1066 1472 hoc
1085 1409 1176 1492 videt,

165 1516 232 1560 non
264 1495 370 1558 omnis
404 1494 505 1558 bonos
538 1514 608 1557 esse
641 1493 738 1557 etiam
769 1493 897 1576 beatos,
932 1494 1107 1579 multaque
1143 1496 1176 1560 de

165 1581 210 1644 M.
223 1580 337 1665 Atilio,
356 1580 392 1656 Q.
411 1579 581 1665 Caepione,
598 1579 650 1645 Μ’.
664 1579 797 1663 Aquilio
815 1580 1013 1664 recordatur,
1033 1583 1175 1648 beatam·

166 1690 228 1752 que
250 1668 364 1750 vitam,
387 1669 416 1732 si
438 1669 635 1753 imaginibus
654 1668 763 1751 potius
782 1668 831 1732 uti
854 1689 952 1752 quam
974 1670 1076 1735 rebus
1100 1671 1175 1755 ipsis

165 1757 284 1839 placet,
308 1759 478 1821 conantem
495 1757 541 1820 ire
560 1756 594 1819 in
613 1757 757 1820 eculeum
775 1756 893 1819 retinet
913 1756 985 1839 ipsa
1002 1758 1176 1840 prudentia

165 1844 325 1927 negatque
357 1844 388 1906 ei
419 1865 491 1907 cum
523 1843 633 1908 dolore
666 1846 698 1906 et
728 1842 872 1908 cruciatu
900 1843 1078 1926 quicquam
1111 1867 1175 1911 esse

121 2004 141 2067 6
167 1951 293 2081 comqu
293 1951 409 2080 1bertollo
431 2017 539 2100 patior
559 2021 593 2081 te
610 2019 675 2083 isto
694 2018 790 2084 modo
814 2039 924 2102 agere,
948 2017 1012 2083 etsi
1030 2019 1175 2104 iniquum

116 2079 147 2128 ¹⁵
167 2107 217 2167 est
235 2104 451 2187 praescribere
469 2104 550 2168 mihi
568 2108 614 2188 te,
632 2128 728 2188 quem
748 2106 789 2169 ad
808 2106 939 2169 modum
959 2127 978 2170 a
995 2127 1051 2171 me
1070 2108 1175 2192 dispu-

165 2191 230 2254 tari
257 2191 347 2255 velis.
393 2189 456 2256 Sed
479 2212 609 2276 quaero,
637 2197 746 2257 utrum
770 2193 889 2277 aliquid
920 2197 1032 2258 actum
1056 2195 1175 2279 superi·

166 2279 275 2342 oribus
298 2278 410 2343 diebus
434 2300 476 2342 an
499 2279 581 2343 nihil
604 2280 805 2345 arbitremur.

232 2366 273 2430 A.
300 2365 419 2430 Actum
441 2388 532 2451 vero,
555 2370 587 2430 et
609 2368 810 2452 aliquantum
832 2369 969 2452 quidem.

232 2460 278 2517 M.
301 2453 414 2538 Atqui,
438 2454 465 2518 si
488 2454 534 2518 ita
553 2457 615 2536 est,
638 2455 813 2540 profligata
830 2456 895 2519 iam
917 2455 996 2520 haec
1015 2459 1051 2522 et
1073 2478 1174 2540 paene

68 2553 71 2557 ’
167 2539 208 2604 ad
231 2543 351 2605 exitum
376 2541 513 2606 adducta
536 2543 683 2626 quaestio
706 2548 764 2608 est.

232 2630 274 2694 A.
302 2629 371 2705 Quo
394 2629 525 2693 tandem
548 2630 667 2694 modo?
817 2690 819 2694 .

233 2721 278 2781 M.
302 2716 385 2792 Quia
398 2718 505 2782 motus
523 2717 703 2782 turbulenti
721 2718 978 2803 iactationesque
994 2721 1175 2787 animorum

166 2804 320 2868 incitatae
361 2808 394 2868 et
433 2804 557 2888 impetu
600 2804 839 2870 inconsiderato
876 2807 978 2870 elatae
1015 2810 1176 2874 rationem

168 2912 297 2955 omnem
318 2891 510 2975 repellentes
533 2893 619 2956 ritae
642 2892 756 2956 beatae
778 2893 901 2957 nullam
929 2897 1059 2976 partem
1081 2897 1176 2960 relin-

168 2982 279 3064 quunt.
329 2978 407 3054 Quis
436 2979 522 3043 enim
548 2982 657 3062 potest
685 2984 823 3045 mortem
850 2984 907 3044 aut
933 2979 1082 3046 dolorem
1112 3005 1176 3048 me-

166 3070 275 3149 tuens,
302 3087 439 3149 quorum
466 3067 604 3130 alterum
632 3088 727 3150 saepe
754 3067 859 3151 adest,
889 3067 1027 3132 alterum
1051 3091 1177 3155 semper

168 3154 327 3238 inpendet,
347 3175 501 3219 essenon
518 3153 638 3218 miser?
666 3153 758 3238 Quid,
777 3155 805 3220 si
822 3155 917 3238 idem,
935 3156 1021 3238 quod
1038 3157 1175 3240 plerum·

168 3263 228 3323 que
250 3241 301 3326 fit,
323 3243 559 3324 paupertatem,
581 3241 809 3326 ignominiam,
830 3242 999 3308 infamiam
1021 3244 1128 3324 timet,
1151 3245 1177 3309 si

169 3327 384 3406 debilitatem,
408 3329 609 3412 caecitatem,
633 3329 662 3392 si
680 3329 829 3414 denique,
852 3329 937 3413 quod
954 3352 1021 3396 non
1039 3333 1175 3417 singulis

167 3412 368 3500 hominibus,
391 3417 446 3481 sed
464 3416 652 3499 potentibus
674 3418 802 3499 populis
821 3439 916 3501 saepe
935 3418 1089 3504 contigit,
1113 3442 1176 3485 ser·

85 3468 328 3711 Nm?
345 3506 454 3587 potest
468 3525 506 3568 ea
519 3505 636 3569 timens
650 3524 721 3568 esse
739 3505 908 3588 quisquam
922 3505 1060 3571 beatus?
1084 3505 1177 3592 Quid,
