2446 3944
436 194 677 258 —541-

53 354 189 439 regium,
211 352 245 418 id
268 356 317 417 est
339 355 482 438 patrium
504 354 674 419 consilium
696 355 818 439 populo
840 355 922 419 bene
945 377 1056 421 consu-

53 441 191 506 lentium
212 441 403 526 principum.
440 439 497 506 Sin
518 463 577 526 per
600 463 634 506 se
655 442 795 527 populus
818 442 980 509 interfecit
999 448 1056 509 aut

55 529 148 594 eiecit
165 533 348 613 tyrannum,
371 532 421 593 est
440 529 645 612 moderatior,
666 530 772 613 quoad
791 531 889 595 sentit
908 535 940 596 et
960 532 1056 616 sapit,

55 622 88 682 et
117 639 176 681 sua
201 638 236 681 re
259 620 353 702 gesta
374 617 517 681 laetatur
539 617 687 700 tuerique
708 617 780 682 vult
801 640 859 702 per
882 640 916 683 se
939 620 1056 685 consti-

54 709 161 769 tutam
177 726 246 768 rem
264 704 436 789 publicam.
468 702 502 768 Si
521 705 647 788 quando
668 708 724 770 aut
738 705 808 790 regi
821 706 907 771 iusto
921 707 988 771 vim
1001 728 1056 791 po·

54 793 150 877 pulus
169 791 175 874 Ι
196 793 308 856 attulit
325 813 465 877 regnove
484 813 557 857 eum
576 792 729 877 spoliavit
748 796 804 857 aut
823 794 930 878 etiam,
950 797 989 874 [p.
1005 811 1055 859 243

53 880 87 944 id
106 879 192 964 quod
209 880 316 944 evenit
330 880 465 964 saepius,
484 880 691 965 optimatium
706 881 896 965 sanguinem
912 882 1057 966 gustavit

54 1059 149 1140 putes
177 1059 286 1120 autem
312 1077 400 1119 mare
426 1056 530 1120 ullum
558 1060 614 1121 aut
641 1056 805 1122 flammam
828 1076 898 1120 esse
921 1060 1056 1139 tantam,

57 1165 153 1227 quam
180 1165 247 1208 non
272 1142 400 1208 facilius
429 1143 472 1207 sit
500 1144 610 1208 sedare
638 1165 734 1227 quam
762 1143 950 1208 effrenatam
972 1144 1056 1208 inso-

54 1231 157 1296 lentia
179 1228 446 1316 multitudinem),
469 1235 540 1296 tum
562 1232 600 1295 fit
621 1231 711 1314 illud,
735 1231 821 1314 quod
843 1232 928 1315 apud
949 1230 1057 1296 Plato-

55 1341 130 1383 nem
158 1322 208 1383 est
229 1319 390 1384 luculente
414 1318 547 1401 dictum,
576 1319 604 1382 si
626 1318 721 1383 modo
743 1319 777 1382 id
800 1319 976 1403 exprimere
998 1317 1057 1383 La-

55 1406 123 1469 tine
151 1409 300 1489 potuero3
328 1405 458 1470 difficile
479 1405 569 1470 factu
588 1405 593 1488 Ι
614 1410 676 1490 est,
704 1406 760 1471 sed
782 1407 922 1471 conabor
946 1409 985 1486 [p.
1005 1423 1057 1470 244
1066 1456 1109 1520 43

56 1497 175 1557 tamen.
220 1490 342 1558 ‘Cum'
375 1493 460 1556 enim
487 1493 593 1577 inquit
621 1493 895 1578 ‘inexplebiles
923 1494 1057 1579 populi
1076 1535 1109 1583 66

55 1579 189 1645 fauces
208 1584 439 1644 exaruerunt
456 1580 658 1645 libertatis
677 1580 745 1645 siti
763 1581 952 1665 malisque
966 1603 1056 1645 usus

55 1668 126 1732 ille
149 1667 344 1731 ministris
366 1689 442 1732 non
464 1668 608 1733 modice
630 1672 898 1753 temperatam,
922 1669 986 1732 sed
1003 1669 1059 1732 ni·

56 1755 127 1820 mis
161 1777 348 1820 meracam
379 1755 603 1820 libertatem
636 1757 774 1821 sitiens
801 1755 946 1840 hausit,
977 1759 1058 1820 tum

56 1843 313 1928 magistratus
341 1847 379 1908 et
405 1843 614 1928 principes,
644 1844 721 1908 nisi
747 1843 860 1909 valde
888 1844 993 1908 lenes
1021 1848 1058 1908 et

56 1931 210 1995 remissi
246 1930 325 1995 sint
361 1933 400 1995 ct
435 1931 544 2017 large
581 1931 657 1995 sibi
691 1932 918 1996 libertatem
949 1931 1058 1996 mini·

58 2022 197 2103 strent,
223 2018 458 2102 insequitur,
484 2018 699 2102 insimulat,
727 2020 871 2104 arguit,
898 2041 1059 2104 praepo-

56 2110 198 2189 tentes,
225 2127 351 2192 reges,
378 2110 564 2190 tyrannos
590 2105 727 2172 vocat'
771 2107 857 2172 Puto
885 2108 969 2172 enim
997 2107 1058 2170 tibi

56 2196 136 2260 haee
159 2215 229 2259 esse
250 2197 338 2259 nota.
372 2194 411 2259 L.
429 2192 515 2258 Vero
539 2194 627 2277 mihi,
650 2190 764 2282 inlquit
785 2195 925 2278 1110,ηο
948 2197 988 2274 [p.
1008 2211 1057 2258 151

56 2283 191 2347 tissima.
232 2281 264 2348 S.
286 2281 376 2368 Ergo
398 2281 458 2346 illa
480 2286 669 2366 sequuntur:
693 2281 786 2364 ‘e0s,
810 2283 874 2365 qui
896 2286 1059 2367 pareant
1073 2286 1111 2346 '67

56 2369 313 2454 principibus,
349 2369 495 2453 agitari
531 2369 576 2433 ab
609 2390 651 2432 eo
680 2368 824 2452 populo
856 2373 894 2432 et
926 2389 1059 2433 servos

57 2456 303 2520 voluntarios
335 2455 542 2539 appellari3
572 2477 635 2520 cos
663 2458 802 2538 autem,
830 2455 894 2538 qui
920 2454 959 2518 in
985 2477 1060 2519 ma·

59 2543 231 2630 gistratu
259 2541 500 2625 privatorum
527 2541 674 2605 similes
704 2562 788 2606 esse
815 2541 952 2625 velint,
980 2564 1060 2606 eos-

58 2653 128 2715 que
155 2629 346 2714 privatos,
373 2629 437 2712 qui
460 2627 652 2709 efficiant,
678 2649 725 2692 ne
747 2629 837 2713 quid
858 2629 962 2693 inter
983 2630 1059 2713 pri-

57 2721 188 2784 vatum
218 2720 255 2780 et
282 2716 554 2801 magistratum
582 2713 758 2799 differat,
784 2715 914 2780 ferunt
937 2715 1059 2780 laudi·

57 2807 127 2870 bus
159 2808 196 2869 et
228 2806 399 2869 mactant
429 2802 656 2886 honoribuS,
687 2807 729 2868 ut
757 2825 913 2869 necesse
943 2804 995 2868 sit
1022 2804 1061 2868 in

58 2893 138 2958 eius
179 2891 280 2956 modi
320 2912 358 2955 re
394 2889 551 2974 publica
586 2891 701 2975 plena
736 2891 939 2956 libertatis
976 2913 1061 2956 esse

57 2980 195 3062 omnia,
217 2982 259 3043 ut
282 2982 320 3043 et
341 2978 495 3064 privata
518 2977 648 3043 domus
673 2979 795 3043 omnis
812 2982 923 3044 vacet
941 2979 1061 3044 domi-

56 3066 226 3154 naltione
248 3070 286 3130 et
308 3067 380 3130 hoc
402 3065 541 3135 malum
563 3087 682 3149 usque
705 3067 750 3130 ad
772 3067 922 3131 bestias
947 3068 987 3147 [p.
1009 3081 1059 3130 152

56 3155 271 3241 perveniat,
312 3153 473 3238 denique
509 3157 551 3217 ut
586 3157 698 3238 pater
732 3153 862 3218 filium
897 3158 1060 3237 metuat,

55 3243 167 3308 filius
191 3245 339 3327 patrem
361 3242 558 3327 neglegat,
582 3241 686 3305 absit
713 3241 835 3306 omnis
858 3242 992 3326 pudor,
1018 3245 1062 3306 ut

56 3332 169 3416 plane
183 3329 302 3394 liberi
320 3329 411 3412 sint,
433 3328 532 3392 nihil
552 3329 725 3413 intersit,
748 3329 845 3395 civis
865 3329 917 3393 sit
936 3350 1070 3414 01100--

56 3419 247 3505 rcgrinus,
270 3417 458 3503 magister
479 3420 520 3480 ut
544 3417 757 3501 discipulos
780 3420 928 3482 metuat
952 3421 989 3481 et
1011 3282 1160 3695 iis

56 3506 282 3571 blandiatur
318 3508 578 3591 spernantque
614 3504 799 3590 discipuli
836 3504 1048 3590 magistros
