2446 3944
543 191 784 256 ..448-

169 357 238 418 tate
261 352 347 416 vitae
370 349 571 415 conlocatam
593 350 701 432 putat,
727 368 931 412 cumrerum
956 370 1082 415 causas
1109 351 1185 417 alias

170 462 208 504 ex
236 440 309 504 aliis
338 441 433 521 aptas
461 441 494 502 et
519 437 711 501 necessitate
736 455 836 500 nexas
858 435 962 521 videt,
990 437 1119 521 quibus
1148 439 1184 504 ab

170 532 300 593 aeterno
326 530 471 609 tempore
498 524 672 590 fluentibus
699 524 733 588 in
760 526 926 588 aeternum
953 526 1047 590 ratio
1076 529 1184 592 tamen

119 629 150 678 71
170 635 323 699 mensque
336 614 529 678 moderatur.
560 611 649 677 Haec
667 612 722 675 ille
741 612 870 675 intuens
884 615 983 695 atque
1001 614 1182 698 suspiciens

170 705 222 769 vel
239 703 348 787 potius
368 701 471 766 omnis
494 701 597 785 partis
616 720 751 784 orasque
774 699 1041 782 circumspiciens
1062 706 1182 787 quanta

169 813 279 856 rursus
303 790 401 855 animi
422 787 658 873 tranquillitate
680 788 822 851 humana
841 787 1058 863 eaoiteriora
1080 791 1180 856 consi·

170 880 273 944 derat!
318 877 404 942 Hinc
426 877 483 941 illa
505 876 647 960 cognitio
670 875 800 940 virtutis
824 874 947 958 existit,
972 876 1180 944 efflorescunt

171 987 288 1052 genera
310 968 482 1049 partesque
504 964 673 1046 virtutum,
698 963 873 1045 invenitur,
901 963 979 1047 quid
1008 965 1069 1049 sit,
1099 965 1178 1050 quod

169 1059 288 1119 natura
306 1055 430 1137 spectet
449 1055 625 1116 extremum
647 1051 682 1114 in
699 1050 807 1133 bonis,
829 1050 905 1133 quid
923 1051 958 1114 in
976 1052 1079 1118 malis
1097 1054 1177 1118 ultu-

171 1165 272 1220 mum‚
291 1162 353 1225 quo
372 1139 538 1205 referenda
557 1139 623 1202 sint
641 1138 757 1221 officia,
778 1159 859 1222 quae
877 1137 1046 1220 degendae
1066 1141 1176 1206 aetatis
1214 1156 1218 1221 ξ

170 1231 253 1295 ratio
281 1227 458 1314 deligenda.
508 1227 631 1303 Quibus
663 1230 696 1289 et
728 1226 847 1289 talibus
877 1226 975 1290 rebus
1008 1230 1174 1313 exquisitis
1215 1270 1217 1275 -

171 1318 234 1383 hoc
255 1317 307 1382 vel
330 1317 468 1380 maxime
492 1314 641 1397 efficitur,
669 1314 754 1414 quod
782 1313 844 1377 hac
867 1313 1091 1416 disputatione
1114 1318 1174 1400 agi-

120 1508 152 1556 a
171 1428 270 1558 tlt„
287 1408 457 1576 nielli?
478 1401 1173 1576 lialffaiiallldllilpffli'tpll

171 1581 237 1647 tiae
259 1582 371 1645 manat
393 1583 426 1643 et
447 1577 604 1661 funditur,
627 1598 708 1661 quae
730 1598 799 1641 rem
822 1576 946 1660 definit,
971 1597 1096 1662 genera
1117 1581 1171 1644 dis-

170 1669 282 1752 pertit,
306 1666 471 1751 sequentia
493 1666 653 1750 adiungit,
676 1664 820 1748 perfecta
843 1664 1020 1751 concludit,
1048 1689 1125 1732 vera
1145 1672 1172 1731 et

170 1757 255 1821 falsa
282 1755 448 1837 diiudicat,
475 1753 651 1818 disserendi
679 1752 763 1818 ratio
792 1756 825 1817 et
852 1752 996 1819 scientia.
1042 1754 1095 1820 Ex
1117 1776 1171 1840 qua

172 1865 244 1909 cum
267 1865 393 1906 summa
419 1842 545 1906 utilitas
569 1840 679 1904 existit
701 1840 742 1905 ad
764 1861 815 1903 res
840 1840 1083 1928 ponderandas,
1109 1847 1170 1907 tum

171 1951 320 1995 maxume
346 1931 486 2014 ingenua
513 1929 682 1993 delectatio
711 1932 743 1992 et
770 1927 867 2011 digna
895 1929 1069 2011 sapientia.
1118 1929 1170 1996 Sed

171 2019 251 2082 haec
274 2017 342 2082 otii.
388 2016 545 2081 Transeat
567 2016 652 2080 idem
675 2015 738 2081 istc
761 2016 889 2104 sapiens
913 2016 953 2080 ad
976 2038 1047 2082 rem
1074 2019 1170 2104 publi·

172 2126 244 2170 cam
265 2103 427 2169 tuendam.
463 2104 547 2180 Quid
570 2125 607 2169 eo
630 2103 736 2186 possit
757 2124 827 2167 ease
850 2106 1084 2189 praestantius,
1107 2127 1171 2171 cun

174 2192 359 2272 [contineri]
383 2191 555 2274 prudentia
573 2192 748 2255 utilitatem
766 2191 884 2255 civium
903 2197 1026 2275 cernat,
1053 2194 1172 2259 iustitia

170 2280 255 2344 nihil
281 2280 317 2342 in
344 2301 435 2344 suam
462 2279 591 2344 domum
621 2279 696 2343 inde
732 2278 866 2361 derivet,
901 2279 1035 2364 reliquis
1069 2285 1173 2347 utatur

171 2370 313 2432 tottam
335 2367 494 2450 variisque
517 2367 712 2431 virtutibus?
761 2365 911 2451 Adiunge
933 2366 1079 2434 fructum
1103 2369 1173 2435 ami-

173 2456 335 2538 citiarum,
366 2456 400 2519 in
432 2477 493 2539 quo
526 2455 627 2519 doctis
654 2455 796 2537 positum
823 2458 873 2517 est
901 2476 974 2518 curn
1007 2458 1174 2522 eonsilium

172 2543 277 2607 omnis
309 2543 394 2607 vitae
426 2543 628 2607 consentiens
666 2545 699 2605 et
729 2562 831 2624 paene
867 2542 1075 2629 conspirans,
1111 2550 1174 2608 tum

172 2653 298 2696 summa
314 2630 498 2694 iucunditas
517 2652 534 2694 e
553 2629 715 2695 cotidiano
735 2629 824 2693 cultu
843 2632 938 2712 atque
956 2631 1056 2696 victu.
1098 2630 1174 2708 Quid

171 2719 251 2783 haec
277 2718 409 2783 tandem
435 2719 504 2782 vita
530 2717 703 2799 desiderat,
730 2738 793 2801 quo
817 2717 860 2780 sit
882 2717 1030 2783 beatior?
1061 2721 1114 2785 cui
1135 2740 1175 2783 re-

171 2806 271 2870 fertae
288 2809 340 2870 tot
357 2806 519 2889 tantisque
538 2805 662 2888 gaudiis
681 2803 824 2869 Fortuna
844 2804 916 2887 ipsa
934 2804 1028 2870 cedat
1046 2828 1172 2872 necesse

172 2897 230 2957 est.
276 2892 397 2968 Quodsi
420 2893 559 2977 gaudere
581 2892 701 2957 talibus
724 2891 819 2957 bonis
843 2892 955 2975 animi,
983 2893 1018 2957 id
1044 2898 1097 2960 est
1118 2895 1173 2960 vir

171 2981 309 3064 tutibus,
337 2981 468 3044 beatum
497 2983 546 3044 est
572 3001 744 3063 omnesque
776 2979 936 3062 sapientes
968 2979 1021 3044 his
1051 2982 1173 3066 gaudiis

171 3068 387 3152 perfruuntur,
406 3068 509 3132 omnis
525 3089 579 3132 eos
598 3068 711 3131 beatos
725 3088 794 3131 esse
809 3067 954 3131 confiteri
970 3089 1104 3135 necesse
1124 3072 1174 3135 est

237 3155 278 3221 A„
304 3154 454 3220 Etiamne
477 3157 512 3220 in
535 3155 678 3220 cruciatu
701 3157 797 3238 atque
819 3154 1013 3219 tormentis?

236 3249 282 3307 M.
306 3241 358 3306 An
380 3245 416 3308 tu
434 3264 486 3306 me
507 3243 543 3307 in
561 3243 648 3307 viola
669 3244 808 3326 putabas
826 3243 933 3307 autin
952 3265 1028 3312 rosa
1051 3242 1174 3310 dicere?

171 3328 225 3393 An
247 3329 401 3413 Epicuro,
429 3330 483 3414 qui
510 3334 637 3395 tantum
660 3330 756 3396 modo
780 3330 885 3394 induit
911 3351 1089 3413 personam
1111 3332 1175 3417 phi·

162 3415 299 3500 losophi
322 3421 355 3481 et
377 3418 441 3483 sibi
462 3419 531 3502 ipse
553 3418 616 3482 hoc
635 3439 753 3482 nomen
774 3418 952 3503 inscripsit,
975 3419 1084 3484 dicere
1106 3421 1175 3485 lice·

67 3496 234 3721 Wbit,
262 3504 346 3589 quod
369 3506 511 3590 quidem,
538 3509 576 3570 ut
601 3506 701 3570 habet
723 3526 757 3570 se
783 3526 848 3586 res,
875 3527 926 3570 me
953 3509 1066 3572 tamen
1088 3510 1175 3594 plau-

117 3661 131 3710 4

124 3211 157 3259 73
