2446 3944
359 175 705 272 ¹-533-

83 369 160 430 sunt
190 365 276 430 lcoud
305 365 417 449 procul
446 365 488 429 ab
520 364 637 430 aetatis
668 364 764 429 huius
796 364 966 448 memoria,
1002 385 1085 429 oom-

83 474 262 517 memorare
286 473 340 517 eos
364 452 484 536 desino,
506 473 546 516 ne
570 453 641 536 quis
665 473 699 516 se
718 455 775 517 aut
793 473 926 516 suorum
945 452 1086 535 aliquem

83 540 347 624 praetermissum
376 544 537 624 queratur.
581 539 691 604 'Unum
712 540 775 604 hoc
798 539 929 624 definio,
958 541 1085 604 tantam

84 649 154 691 esse
180 628 407 693 necessitatem
434 627 566 692 virtutis
594 627 704 712 generi
731 627 899 691 hominum
927 650 948 692 a
969 630 1087 692 natura

83 718 275 800 tantumque
301 737 444 781 amorem
468 715 509 781 ad
531 737 734 781 communem
757 715 896 779 salutem
919 714 1086 779 defenden-

83 803 158 867 dam
186 804 309 885 datum,
336 807 372 867 ut
400 825 437 867 ea
459 803 508 868 vis
532 803 640 869 omnia
662 802 885 867 blandimenta
906 803 1056 887 voluptat
1042 803 1085 866 tis

84 890 207 973 otiique
229 890 351 955 vicerit
1104 943 1125 1006 2

149 976 217 1042 Nec
243 999 320 1042 vero
347 977 467 1042 habere
494 978 544 1043 vir
545 981 650 1044 tutem
679 982 730 1043 sat
730 979 760 1042 is
788 981 838 1042 est
865 978 958 1061 quasi
981 981 1120 1069 artem2

84 1065 240 1149 aliquam,
262 1065 326 1129 nisi
350 1065 354 1149 Ι
379 1069 484 1150 utare3
507 1066 570 1130 etsi
593 1087 645 1131 ars
670 1065 812 1150 quidem,
834 1087 907 1130 cum
930 1087 969 1130 ea
992 1067 1031 1144 [p.
1051 1081 1084 1132 78

82 1175 149 1217 non
170 1157 271 1235 utare,
294 1153 429 1219 scientia
451 1154 586 1218 tamen
577 1175 650 1238 1psa
667 1153 770 1217 teneri
787 1156 906 1237 potest,
928 1152 1086 1217 virtusin

82 1263 143 1305 usu
176 1241 226 1305 sui
255 1203 328 1305 tota
359 1242 467 1325 posita
498 1245 561 1323 est3
593 1262 669 1304 usus
703 1244 811 1305 autem
843 1240 911 1304 eius
943 1243 993 1304 est
1020 1261 1085 1304 ma·

83 1328 188 1392 ximus
216 1328 358 1393 civitatis
387 1328 579 1413 gubernatio
608 1331 641 1391 et
668 1349 778 1392 earum
802 1327 947 1412 ipsarum
969 1348 1085 1412 rerum,

84 1437 163 1498 quas
190 1415 248 1478 isti
273 1416 309 1480 in
336 1415 464 1500 angulis
487 1418 676 1500 personant,
702 1435 829 1499 reapse,
851 1437 917 1479 non
940 1415 1085 1480 oratione

83 1501 247 1586 perfectio.
282 1500 376 1566 Nihil
399 1502 483 1566 enim
507 1503 624 1567 dieitur
641 1525 661 1567 a
678 1502 891 1587 philosophis,
914 1503 1000 1587 quod
1019 1503 1086 1587 qui·

85 1589 157 1653 dem
176 1593 262 1654 recte
279 1589 477 1673 honesteque
496 1590 630 1674 dicatur,
654 1590 739 1674 quod
755 1611 818 1656 nou
836 1591 877 1654 ab
895 1590 937 1655 iis
955 1593 1086 1674 partum

84 1677 372 1761 confirmatumque
391 1677 444 1761 sit,
464 1699 484 1741 a
502 1678 618 1760 quibus
638 1677 823 1744 civitatibus
841 1678 913 1742 iura
931 1678 1086 1762 discripta

83 1767 168 1829 sunt.
204 1763 296 1829 Unde
317 1764 321 1848 Ι
342 1765 427 1829 enim
448 1764 554 1850 pietas
574 1768 630 1830 aut
648 1788 668 1831 a
685 1765 802 1849 quibus
820 1765 959 1851 religio?
979 1768 1018 1846 [p.
1035 1782 1085 1831 123

82 1853 167 1916 unde
192 1852 243 1916 ius
272 1855 328 1917 aut
356 1852 502 1938 gentium
525 1856 582 1918 aut
604 1853 665 1918 hoc
687 1853 795 1938 ipsum
817 1853 911 1918 civile
935 1852 1019 1936 quod
1042 1853 1086 1916 di·

84 1940 189 2004 eitur?
212 1940 295 2004 unde
319 1940 454 2023 iustitia,
477 1940 566 2024 fides,
589 1941 757 2024 aequitas?
779 1941 862 2005 unde
880 1940 993 2025 pudor,
1015 1961 1086 2006 con-

83 2028 235 2111 tinentia,
266 2027 345 2114 fuga
371 2028 596 2113 turpitudinis,
627 2029 812 2113 adpetentia
838 2028 944 2094 laudis
972 2033 1004 2093 et
1030 2028 1086 2093 ho-

83 2116 244 2180 nestatis?
275 2116 359 2181 unde
390 2117 426 2180 in
456 2116 623 2181 laboribus
655 2120 688 2181 et
723 2115 874 2201 periculis
905 2116 1085 2181 fortitudo?

83 2202 208 2288 Nempe
232 2204 273 2268 ab
296 2204 346 2288 iis,
370 2204 426 2288 qui
447 2204 527 2269 haec
546 2204 724 2289 disciplinis
742 2203 897 2269 informat
883 2207 919 2268 ta
937 2204 1002 2268 alia
1020 2225 1086 2268 mo·

82 2292 173 2356 ribus
188 2292 428 2375 confirmarunt,
446 2296 620 2356 sanxerunt
635 2295 743 2356 autem
758 2292 824 2357 alia
837 2292 973 2391 legibus.
1002 2289 1085 2365 Qum
1104 2305 1120 2354 3

84 2378 183 2442 etiam
204 2377 408 2444 Xenocraten
433 2379 555 2462 ferrmt‚
581 2378 761 2443 nobilem
753 2378 922 2461 inprimis
945 2376 1086 2461 philoso-

84 2464 199 2549 phun,
226 2487 298 2529 cum
324 2429 555 2551 quaelreretur
562 2486 600 2529 ex
623 2487 674 2548 eo,
703 2465 779 2547 quid
802 2463 952 2547 adseque-
976 2465 1015 2544 [p.
1036 2479 1086 2527 124

83 2555 196 2616 rentur
157 2552 290 2616 ureius
317 2552 480 2636 discipuli,
510 2551 727 2636 respondisse,
760 2555 797 2614 ut
823 2550 857 2615 id
885 2572 944 2615 sua
971 2554 1086 2635 sponte

83 2638 240 2740 facerent,
268 2639 353 2722 quod
380 2642 532 2723 cogerent
533 2661 571 2703 ur
517 2638 703 2703 tfacere
731 2638 868 2724 legibue.
912 2638 1001 2723 Ergo
1028 2638 1086 2701 ille

84 2727 177 2809 civis,
209 2726 265 2827 qui
295 2725 328 2789 id
360 2727 448 2827 cogit
479 2726 584 2791 omnis
611 2725 747 2810 imperio
775 2726 946 2811 legumque
973 2745 1086 2808 poena,

85 2814 171 2898 quod
197 2814 251 2878 vix
278 2813 388 2915 paucis
417 2813 608 2915 persuadere
636 2813 782 2878 oratione
794 2811 991 2912 philosophi
1014 2832 1087 2897 pos·

85 2906 170 2985 sunt,
192 2901 335 2965 etiam'
313 2924 364 2985 us,
386 2902 442 2985 qui
463 2900 524 2965 illa
541 2900 748 2986 disputants
738 2901 819 2985 ipsis
838 2902 889 2964 est
906 2898 1086 2984 praeferen-

84 2990 143 3053 dus
175 2988 249 3054 doct
234 2989 370 3054 toribus.
413 2987 500 3064 Quae
528 2993 578 3052 est
605 2989 691 3054 enim
717 2989 857 3054 istorum
884 2987 989 3052 oratio
1015 2991 1086 3052 tam

83 3075 1086 3277 {ababmlltlbbslllzlb{laetabilia

84 3252 274 3316 admodum
297 3251 426 3317 urbes
450 3273 606 3338 magnas
630 3251 777 3335 atque
768 3249 1026 3336 imperiosas'‚
1047 3252 1142 3314 ut

84 3340 229 3440 appellat
251 3340 385 3423 Ennius,
406 3340 520 3406 viculis
540 3344 573 3404 et
591 3341 734 3404 castellis
752 3338 977 3426 praeferendas
995 3342 1085 3424 puto,

83 3427 130 3492 sic
161 3448 230 3510 eos,
261 3427 316 3510 qui
347 3390 398 3491 his
430 3428 563 3492 urbibus
596 3428 730 3493 oonsilio
763 3431 859 3511 atque
891 3427 1085 3492 auctoritate

82 3518 247 3600 praesunt,
268 3515 318 3600 iis,
341 3516 397 3600 qui
419 3515 524 3580 omnis
546 3516 671 3602 negotii
692 3515 816 3604 publici
838 3518 984 3604 exportes
1009 3515 1089 3601 siut,
