2446 3944
536 183 777 248 -282-

151 345 197 411 eis
221 345 404 426 elaborant,
433 363 516 425 quae
543 341 649 407 sciunt
676 341 758 405 nihil
786 341 827 406 ad
851 363 885 407 se
909 342 1038 407 omnino
1062 344 1166 428 perti·

150 455 239 498 nere:
268 429 388 496 ‘Serit
415 431 586 512 arbores,
619 451 714 513 quae
742 429 860 494 alteri
892 431 1046 509 saeculo
1074 453 1165 515 pro-

99 537 133 586 so
152 518 256 602 sint',
278 523 315 583 ut
339 519 386 583 ait
408 515 533 582 Statius
555 521 667 582 noster
689 517 724 581 in
742 516 953 603 Synephebis.
990 517 1059 583 Neo
1082 541 1164 585 vero

152 608 280 672 dubitat
309 607 466 692 agricola,
499 605 646 689 quamvis
678 606 722 669 sit
755 627 863 689 senex,
895 606 1076 691 quaerenti,
1110 609 1164 672 cui

153 700 249 779 serat,
272 695 477 779 respondere:
501 692 585 758 ‘Dis
608 693 898 777 inmortalibus,
921 693 985 777 qui
1008 715 1165 760 menon

153 784 328 869 accipere
346 783 456 848 modo
475 782 568 847 haec
587 804 606 846 a
624 781 837 846 maioribus
856 781 1076 864 voluerunt,
1095 784 1165 848 sed

113 872 269 938 8etiam
296 870 467 955 posteris
494 869 677 954 prodere?
722 869 767 934 Et
794 869 909 933 melius
933 867 1092 934 Caecilius
1123 871 1164 936 de

154 981 229 1024 senc
253 959 348 1023 alteri
372 958 499 1023 saeculo
523 957 740 1042 prospiciente
764 979 860 1040 quam
883 957 966 1021 illud
987 957 1086 1022 idem:

196 1047 356 1131 Edepol,
381 1048 573 1129 senectus,
597 1043 632 1108 si
652 1045 708 1108 nil
732 1045 934 1129 quicquam
958 1045 1063 1109 aliud
1086 1047 1164 1111 viti

196 1135 391 1219 Adpdrtes
406 1137 539 1216 tecum,
554 1155 636 1198 cum
650 1133 821 1217 advenis,
835 1156 947 1197 unum
961 1132 1000 1196 1'd
1014 1138 1163 1218 estest,

198 1221 304 1298 Quod
318 1220 381 1286 d1'u
395 1221 557 1286 vivendo
572 1221 708 1304 mdlta,
727 1243 822 1305 quae
836 1244 910 1285 non
928 1221 1023 1304 volt,
1042 1221 1163 1287 videt.

152 1311 197 1377 Et
219 1310 324 1375 multa
345 1309 498 1392 fortasse,
521 1330 603 1392 quae
626 1309 707 1373 volt!
737 1313 833 1392 atque
855 1309 891 1373 in
914 1331 964 1387 ea,
988 1331 1070 1392 quae
1093 1332 1163 1376 non

153 1399 237 1481 volt,
270 1419 365 1482 saepe
397 1397 497 1462 etiam
528 1396 746 1461 adulescentia
776 1397 920 1461 incurrit.
965 1396 1052 1460 Illud
1081 1421 1162 1464 vcro

152 1486 237 1550 idem
261 1484 419 1551 Caecilius
443 1484 604 1550 vitiosius:

197 1573 289 1638 Tum
317 1573 491 1657 equidem
517 1572 556 1637 in
584 1575 739 1637 senecta
765 1571 837 1637 hoc
860 1572 1000 1672 deputo
1024 1573 1163 1638 mise‘r·

874 1682 1025 1743 r1mum,

197 1747 350 1813 Sentire
365 1771 407 1813 ea
422 1752 550 1812 aetate
565 1750 719 1832 eumpse
738 1769 820 1812 esse
840 1748 1013 1813 odiosum
1031 1748 1162 1814 alteri.

99 1853 133 1903 26
152 1836 330 1901 Iucundum
353 1837 461 1920 potius
485 1858 583 1920 quam
606 1836 761 1901 odiosum.
797 1834 844 1900 Ut
867 1835 952 1899 enim
975 1835 1162 1901 adulescen-

152 1924 240 1989 tibus
262 1925 348 1988 bona
366 1923 473 1988 indole
492 1923 646 2008 praeditis
666 1924 827 2008 sapientes
846 1944 937 1988 senes
958 1921 1163 1989 delectantur

152 2012 317 2095 leviorque
339 2012 378 2075 fit
400 2015 547 2076 senectus
571 2033 690 2094 eorum,
713 2011 768 2094 qui
787 2032 806 2074 a
823 2010 989 2075 iuventute
1007 2012 1163 2077 coluntur

153 2104 186 2163 et
209 2099 402 2184 diliguntur,
430 2099 476 2163 sio
500 2099 719 2163 adulescentes
743 2120 856 2162 senum
878 2099 1058 2183 praeceptis
1083 2121 1162 2185 gau-

40 2185 44 2191 ’
153 2187 237 2269 dent,
261 2186 377 2269 quibus
401 2187 441 2250 ad
463 2186 622 2251 virtutum
645 2186 752 2251 studia
775 2187 948 2269 ducuntur3
969 2209 1027 2252 nec
1050 2189 1161 2253 minus

152 2274 308 2360 intellego
332 2296 383 2338 me
406 2273 498 2338 vobis
522 2296 620 2358 quam
638 2275 718 2338 mihi
736 2296 793 2339 vos
813 2296 882 2338 esse
899 2275 1063 2341 iucundos.
1097 2275 1162 2341 Sed

152 2362 283 2444 videtis,
312 2365 349 2426 ut
376 2365 521 2426 senectus
549 2384 615 2427 non
641 2363 736 2428 modo
764 2362 919 2448 languida
947 2366 1043 2446 atque
1070 2363 1160 2429 iners

151 2472 218 2514 non
245 2449 303 2533 sit,
334 2471 446 2514 verum
478 2449 576 2514 etiam
608 2451 652 2514 sit
679 2473 816 2535 operosa
842 2454 875 2514 et
903 2473 1029 2534 semper
1056 2473 1159 2538 agens

153 2537 276 2620 aliquid
303 2540 336 2602 et
363 2537 513 2622 moliens,
540 2538 607 2602 tale
634 2538 770 2621 scilicet,
798 2539 891 2621 quale
914 2539 1067 2622 cuiusque
1092 2544 1160 2605 stu·

153 2625 241 2689 dium
263 2625 298 2688 in
327 2625 491 2710 superiore
518 2626 588 2690 vita
617 2626 688 2691 fuit.
734 2625 837 2701 Quid?
866 2626 922 2709 qui
949 2627 1048 2691 etiam
1071 2629 1160 2693 addi·

152 2717 246 2778 scunt
261 2713 405 2796 aliquid?
424 2717 460 2776 ut
479 2717 512 2777 et
526 2710 677 2778 Solonem
696 2713 842 2780 versibus
862 2714 1057 2799 gloriantem
1073 2716 1160 2780 vide·

152 2825 237 2885 mus,
268 2801 323 2885 qui
350 2823 384 2865 se
412 2801 528 2866 cotidie
557 2802 679 2885 aliquid
707 2802 924 2866 addiscentem
947 2802 1025 2865 dicit
1048 2825 1158 2867 senem

150 2890 234 2974 fieri,
267 2893 299 2952 et
327 2910 387 2975 ego
415 2890 489 2973 feci,
522 2890 577 2972 qui
604 2891 731 2954 litteras
755 2888 894 2954 Graecas
923 2911 1019 2954 senex
1048 2891 1158 2974 didioi3

151 2999 232 3061 quas
256 2977 385 3060 quidem
409 2978 454 3042 sio
477 2978 570 3042 avide
593 2978 715 3063 arripui
739 2977 830 3060 quasi
858 2977 1044 3042 diuturnam
1068 2978 1158 3043 sitim

151 3067 277 3150 explere
301 3065 446 3149 cupiens,
472 3069 510 3129 ut
533 3087 571 3130 ea
593 3066 665 3150 ipsa
688 3065 768 3130 mihi
789 3068 869 3129 nota
890 3069 1011 3149 essent,
1040 3067 1158 3150 quibus

150 3176 201 3218 me
214 3175 300 3218 nunc
314 3153 469 3238 exemplis
488 3153 538 3217 uti
556 3153 681 3218 videtis.
719 3152 810 3228 Quod
829 3175 900 3217 oum
917 3153 1032 3218 fecisse
1047 3151 1159 3220 Socra-

150 3245 217 3305 tem
239 3241 274 3305 in
295 3241 412 3304 fidibus
442 3240 598 3325 audirem,
628 3242 744 3306 vellem
775 3241 922 3323 equidem
950 3242 1049 3306 etiam
1076 3243 1158 3307 illud

151 3325 333 3479 (rlliscebant
356 3329 441 3392 enim
463 3329 582 3394 fidibus
606 3328 761 3415 antiqui),
788 3328 844 3393 sed
870 3329 906 3393 in
927 3330 1047 3394 litteris
1072 3335 1158 3397 certe

150 3415 323 3480 eaboravi.

63 3470 130 3719 ᾧ
215 3501 283 3568 Neo
310 3525 395 3569 nunc
422 3504 551 3589 quidem
578 3504 663 3570 vires
692 3504 836 3570 desidero
865 3504 1081 3571 adulescentis
1115 3505 1159 3592 (is
