2446 3944
465 206 705 272 -377-

82 373 112 438 11
138 372 253 437 similis
281 373 392 438 futura
419 376 469 438 est
501 373 700 457 perpetuitas
728 372 832 437 omnis
865 374 1090 459 consequentis

83 461 253 543 temporie,
277 462 348 545 quis
372 482 423 525 me
446 461 593 525 beatior?
644 459 702 525 Sin
724 481 801 525 vera
824 463 911 544 sunt,
941 483 1023 544 quae
1046 461 1092 525 di·
1109 482 1143 532 aa

84 553 212 631 cuntur,
240 548 468 632 migrationem
496 570 567 613 esse
593 551 730 612 mortem
753 548 788 612 in
811 569 864 613 eas
887 571 975 631 oras,
1003 571 1092 634 quas,
1157 591 1160 596 -

84 637 138 720 qui
157 658 174 700 e
192 636 261 701 vita
279 639 499 720 excesserunt,
521 635 680 720 incolunt,
702 635 737 699 id
754 635 859 700 multo
878 637 944 700 iarn
965 637 1091 702 beatius

86 727 144 787 est.
178 722 279 807 Tene,
302 746 374 788 cum
393 724 434 789 ab
455 724 512 807 iis,
534 724 589 807 qui
608 744 642 787 se
659 723 801 788 iudicum
823 745 955 788 numero
978 724 1092 790 haberi
1189 733 1191 737 ’

82 812 210 895 volunt,
229 811 383 895 evaseris„
402 811 443 874 ad
461 832 516 875 eos
534 811 655 894 venire,
676 812 731 894 qui
749 832 823 875 vere
841 812 964 876 iudices
983 813 1091 897 appel·

83 900 202 983 lentur,
231 898 387 982 Minoem,
416 897 714 982 Rhadamanthum,
745 899 903 982 Aeacum,
934 900 1090 984 Triptole-

84 1009 186 1070 mum,
208 988 440 1071 convenireque
460 1008 523 1068 eos,
542 986 700 1070 quiiuste
718 991 837 1051 etcum
858 988 920 1051 fide
938 988 1089 1052 vixerint!

84 1073 174 1138 Haec
195 1074 415 1157 peregrinatio
439 1074 607 1139 mediocris
631 1074 724 1138 vobis
747 1074 848 1138 videri
870 1075 1000 1158 potest?
1044 1074 1091 1140 Ut

83 1183 159 1227 vero
180 1162 332 1245 conloqui
350 1183 423 1226 cum
442 1161 583 1245 Orpheo,
601 1159 748 1245 Musaeo,
770 1161 927 1244 Homero,
946 1162 1090 1228 Hesiodo

83 1251 192 1332 liceat,
224 1250 337 1351 quanti
368 1249 500 1313 tandem
536 1252 605 1313 aest
591 1249 738 1313 timetis?
795 1249 956 1344 Equidem
994 1272 1090 1333 saepe

85 1338 198 1420 emori,
221 1338 250 1401 si
272 1338 342 1401 fieri
364 1341 488 1420 posset,
511 1336 642 1419 vellem,
664 1340 702 1400 11
726 1358 776 1419 11,
799 1359 879 1421 quae
903 1338 987 1420 dico,
1010 1338 1091 1402 mihi

83 1425 226 1489 liceret
216 1425 369 1489 1nvenire.
410 1424 540 1501 Quanta
562 1424 775 1488 delectatione
799 1427 855 1488 aut
856 1446 906 1486 em
930 1425 1091 1526 adficerer,

86 1534 158 1576 cum
172 1511 385 1594 Palamedem,
404 1532 474 1576 curn
489 1513 631 1593 Aiacem,
650 1534 722 1576 cum
742 1511 823 1577 alios
842 1512 989 1577 iudicio
980 1513 1090 1598 miquo

86 1601 320 1664 circumventos
348 1601 564 1664 convenirem!
613 1600 821 1683 Temptarem
851 1600 950 1665 ctiam
973 1601 1091 1666 summi

85 1687 186 1770 regis,
209 1687 262 1770 qui
286 1688 444 1751 maximas
468 1688 576 1771 copias
601 1689 693 1751 duxit
716 1688 755 1752 ad
778 1687 922 1771 Troiam,
948 1692 980 1752 et
1002 1687 1091 1752 Ulixi

86 1773 281 1858 Sisyphique
308 1775 524 1858 prudentiam,
550 1796 608 1839 nec
636 1774 677 1839 oh
706 1796 778 1838 eam
804 1796 886 1860 rem,
914 1797 986 1839 cum
1010 1775 1091 1841 haec

86 1863 299 1947 exquirerem,
314 1862 405 1926 ‘sicut
425 1861 479 1926 hic
502 1861 673 1945 faciebam,
697 1862 802 1945 capite
826 1862 1002 1927 damnarer.
1040 1863 1090 1928 Ne

86 1973 144 2015 vos
173 1948 314 2032 quidem,
341 1949 461 2014 iudices
489 1950 526 2032 ii,
560 1951 613 2034 qui
641 1971 693 2014 me
721 1950 922 2034 absolvistis,
953 1954 1090 2015 mortem
1122 1946 1126 1953 ’

85 2037 267 2102 timueritis.
311 2036 380 2101 Nec
408 2038 493 2101 enim
521 2038 669 2122 cuiquam
696 2038 782 2102 bono
810 2039 888 2103 mali
919 2039 1090 2122 quicquam
1108 2059 1142 2110 oo

86 2128 212 2190 evenire
235 2127 345 2208 potest
365 2146 426 2189 nec
443 2125 517 2189 vivo
536 2147 595 2190 nec
612 2129 753 2209 mortuo,
775 2148 834 2190 nec
852 2147 1003 2209 umquam
1021 2127 1090 2192 eius

84 2235 135 2278 res
154 2236 174 2277 a
193 2212 242 2276 dis
265 2213 490 2277 inmortalibus
512 2213 736 2298 neglegentur,
758 2234 817 2277 nec
840 2214 921 2277 mihi
942 2214 1005 2298 ipsi
1028 2214 1091 2279 hoc

86 2301 202 2366 accidit
223 2300 367 2364 fortuito
402 2299 471 2365 Nec
489 2322 566 2365 vero
585 2321 645 2385 ego
664 2301 718 2382 iis,
741 2323 761 2364 1
782 2301 898 2384 quibus
921 2306 1089 2367 accusatus

86 2391 143 2453 aut
165 2411 185 2452 1
207 2388 323 2472 quibus
346 2388 575 2452 condemnatus
606 2410 690 2470 sum,
717 2386 822 2452 habeo
850 2389 935 2471 quod
962 2411 1090 2454 suscen-

87 2497 189 2558 seam,
210 2476 275 2538 nisi
298 2474 382 2560 quod
401 2474 481 2537 mihi
499 2496 614 2539 nocere
634 2496 667 2538 se
686 2474 908 2539 crediderunt?
945 2475 992 2540 Et
1009 2476 1090 2542 haec

87 2562 215 2648 'quidem
238 2562 299 2626 hoc
322 2562 431 2645 modo;
456 2562 539 2626 nihil
561 2565 669 2625 autem
691 2563 804 2626 melius
829 2566 983 2627 extremo:
1017 2561 1091 2628 ‘Sed

86 2656 214 2734 tempus
238 2648 310 2732 est',
338 2650 457 2733 inquit,
485 2649 562 2713 ‘iam
585 2649 660 2713 hinc
688 2649 777 2714 abire
803 2671 867 2732 me,
899 2653 935 2713 ut
962 2651 1091 2734 moriar,

85 2760 157 2821 vos,
185 2739 222 2801 ut
247 2738 348 2801 vitam
376 2738 491 2821 agatis.
540 2736 657 2801 Utrum
690 2741 796 2800 autem
828 2738 871 2800 sit
900 2737 1026 2818 melius,
1058 2738 1091 2801 di

86 2825 275 2890 inmortales
315 2825 433 2908 sciunt,
469 2825 632 2888 hominem
652 2824 798 2909 ¹quidem
834 2824 915 2888 scire
952 2824 1091 2889 arbitror

85 2911 268 2978 neminem.'

152 2999 203 3065 Ne
234 3021 294 3085 ego
326 2999 412 3064 haud
443 3000 541 3083 paulo
568 2999 654 3064 hunc
682 3000 824 3063 animum
851 2998 963 3063 malim
995 3020 1091 3082 quam
1099 3003 1143 3068 42

87 3110 197 3153 eorum
233 3088 377 3153 omniurn
412 3088 573 3170 fortunas,
610 3087 683 3237 quit
698 3086 735 3150 de
767 3087 829 3152 hoc
861 3086 1091 3151 iudicaverunt

84 3177 173 3260 Etsi,
205 3176 289 3260 quod
320 3179 450 3259 praeter
481 3175 556 3239 deos
584 3176 683 3258 negat
712 3175 793 3239 scire
821 3195 1026 3259 quemquam,
1058 3175 1092 3238 id

86 3264 179 3329 scit
169 3285 240 3347 lpse
262 3266 370 3327 utrum
393 3263 436 3327 sit
458 3262 586 3347 melius3

85 3352 181 3436 illud,
211 3350 295 3415 nihil
326 3352 362 3413 ut
347 3349 555 3431 adfirmet,

86 3442 195 3505 autem
225 3442 411 3519 teneamus,
445 3439 482 3501 ut
517 3398 601 3503 nihil

85 3527 170 3612 quod
198 3526 242 3591 sit
268 3547 289 3590 a
314 3527 430 3590 natura
457 3523 569 3590 datum
