2446 3944
539 189 779 255 -556-

153 355 306 435 quartum
333 351 399 416 iam
431 371 552 415 annum
583 341 742 433 regnante
768 347 870 413 Lucio
903 345 1085 430 Tarquinio
1118 345 1177 413 Su·

152 441 253 524 perbo
278 437 428 523 Sybarim
455 442 488 502 et
516 436 691 504 Crotonem
714 442 747 503 et
773 437 809 501 in
837 457 891 515 ees
918 434 1036 501 Italiae
1064 437 1175 520 partis

152 527 359 613 Pythagoras
399 527 526 592 venisse
566 527 740 612 reperitur3
782 525 952 608 Olympias
994 525 1083 589 enim
1127 547 1177 590 se-

154 616 257 681 cunda
288 619 322 679 et
353 616 557 701 sexagesima
588 616 699 680 eadem
732 613 870 699 Superbi
906 613 1000 698 regni
1036 614 1175 679 initium

99 703 134 751 29
154 706 187 769 et
214 704 423 789 Pythagorae
451 704 595 769 declarat
623 704 805 767 adventum.
850 701 901 766 Ex
929 724 992 787 quo
1020 702 1173 788 intellegi

151 793 251 877 regiis
285 793 379 856 annis
408 792 618 857 dinumeratis
644 795 755 876 potest
782 812 868 857 anno
896 789 963 855 fere
991 792 1173 856 centesimo

152 884 186 945 et
205 881 451 966 quadragesimo
475 885 551 964 post
574 884 714 946 mortem
731 877 858 944 Numae
876 879 1017 964 primum
1036 879 1173 944 Italiam

151 968 375 1055 Pythagoram
421 969 583 1054 attigisse,
624 989 729 1051 neque
770 968 833 1033 hoc
873 970 960 1032 inter
1002 988 1077 1052 eos,
1117 968 1174 1053 qui

153 1058 401 1144 diligentissime
423 1060 584 1141 persecuti
614 1062 691 1122 sunt
716 1061 900 1140 temporum
922 1056 1074 1140 annales,
1104 1059 1174 1123 ulla

152 1150 203 1210 est
224 1168 378 1229 umquam
401 1146 435 1209 in
458 1146 660 1211 dubitatione
680 1149 854 1210 versatum.
899 1144 943 1208 Di
965 1145 1173 1225 inmortales,

150 1235 259 1319 inquit
284 1233 452 1317 Manilius,
483 1239 623 1317 quantus
652 1235 713 1299 iste
741 1238 791 1298 est
813 1232 980 1300 hominum
1011 1237 1046 1298 et
1069 1255 1172 1319 quam

151 1324 351 1387 inveteratus
379 1323 483 1387 errorl
528 1322 578 1388 Ac
606 1328 717 1389 tamen
743 1323 839 1388 facile
866 1322 975 1406 patior
1002 1343 1071 1386 non
1100 1345 1173 1388 esse

152 1431 211 1475 nos
234 1411 461 1476 transmarinis
484 1432 543 1477 nec
570 1411 746 1495 inportatis
775 1411 899 1476 artibus
923 1410 1084 1493 eruditos,
1115 1413 1173 1476 sed

101 1462 302 1584 16genuinis
326 1499 576 1583 domesticisque
599 1500 783 1565 virtutibus.
819 1499 921 1581 Atqui
939 1500 1042 1564 multo
1065 1499 1102 1565 id
1124 1499 1174 1565 fa·

99 1567 133 1616 3⁰
153 1587 246 1652 cilius
274 1609 464 1674 cognosces,
499 1589 605 1672 inquit
631 1588 819 1672 Africanus,
852 1589 880 1652 si
906 1588 1173 1672 progredientem

151 1698 219 1740 rem
256 1677 421 1760 publicam
463 1680 559 1760 atque
595 1677 631 1741 in
671 1677 829 1761 optimum
866 1678 987 1740 statum
1023 1678 1174 1742 naturali

152 1765 292 1848 quodam
315 1766 432 1831 itinere
456 1770 489 1831 ct
513 1787 608 1830 cursu
636 1765 819 1830 venientem
841 1764 973 1847 videris3
1002 1765 1084 1849 quin
1108 1766 1174 1832 hoc

151 1853 224 1936 ipso
263 1853 457 1936 sapientiam
493 1856 654 1920 maiorum
691 1857 815 1918 statues
852 1874 924 1918 esse
960 1853 1175 1940 laudandam,

152 1941 240 2024 quod
271 1943 375 2007 multa
404 1942 574 2027 intelleges
603 1941 702 2007 etiam
731 1941 860 2007 aliunde
892 1945 999 2007 sumta
1032 1944 1175 2009 meliora

152 2028 238 2116 apud
260 2050 321 2094 nos
349 2031 454 2096 multo
482 2052 552 2095 esee
579 2031 680 2115 faeta,
709 2052 806 2113 quam
832 2030 881 2095 ibi
902 2031 1056 2113 fuissent,
1086 2033 1174 2099 unde

54 2119 55 2122 ’
150 2116 214 2181 huc
245 2119 408 2183 translata
440 2122 548 2183 essent
579 2122 677 2203 atque
710 2119 766 2183 ubi
797 2119 938 2203 primum
975 2120 1174 2204 extitissent,

151 2205 386 2288 intellegesque
417 2228 484 2271 non
521 2207 660 2273 fortuito
692 2207 849 2291 populum
881 2207 1081 2292 Romanum,
1117 2210 1174 2276 sed

151 2294 286 2358 oonsilio
310 2298 344 2358 et
362 2295 535 2380 disciplina
557 2296 786 2361 confirmatum
809 2317 880 2362 esse
901 2317 959 2362 neo
981 2301 1098 2363 tamen
1118 2300 1176 2364 ad·

150 2387 302 2447 versante
324 2383 464 2448 fortuna.

96 2503 140 2655 dd)
217 2557 281 2622 Hic
303 2560 359 2623 ille
382 2560 448 2623 iam
471 2563 615 2625 vertetur
642 2561 746 2643 orbis,
774 2561 863 2626 cuius
890 2562 1078 2628 naturalem
1104 2588 1176 2631 mo-

150 2650 220 2711 tum
244 2650 341 2730 atque
369 2647 538 2712 circuitum
562 2672 582 2713 a
603 2650 709 2733 primo
738 2649 850 2714 discite
879 2651 1087 2735 adgnoscere.
1136 2655 1175 2719 Id

151 2737 237 2799 enim
262 2740 312 2800 est
335 2739 433 2819 caput
456 2736 559 2801 civilis
583 2738 785 2823 prudentiae,
809 2739 844 2803 in
868 2761 932 2824 qua
955 2741 1063 2804 omnis
1089 2741 1174 2808 haec

149 2827 263 2888 nostra
285 2828 434 2890 versatur
458 2825 572 2908 oratio,
596 2825 704 2890 ridere
727 2828 846 2892 itinera
867 2828 1033 2912 flexusque
1057 2851 1173 2897 rerum

149 2911 364 2996 publicarum,
386 2917 433 2997 ut,
457 2935 528 2978 eum
553 2914 672 2999 sciatis,
697 2937 760 3000 quo
783 2938 928 3001 quaeque
946 2939 998 2982 res
1022 2917 1174 3003 inclinet,

149 3000 289 3064 retinere
318 3004 375 3065 aut
403 3005 479 3066 ante
507 3003 641 3085 possitis
676 3025 851 3070 occurrere.
900 3002 986 3070 Nam
1015 3028 1075 3071 rex
1105 3009 1176 3094 ille,

150 3087 189 3151 de
213 3110 277 3172 quo
300 3090 425 3174 loquor,
447 3089 588 3172 primum
612 3093 728 3175 optimi
750 3095 837 3179 regis
862 3093 958 3158 caede
982 3096 1174 3162 maculatus

148 3174 278 3260 integra
297 3181 405 3243 mente
427 3199 494 3243 non
513 3183 590 3263 erat,
615 3185 647 3244 et
666 3203 738 3246 cum
757 3185 917 3246 metueret
935 3183 1006 3266 ipse
1025 3205 1173 3267 poenam

149 3265 280 3329 sceleris
304 3267 355 3330 sui
378 3288 547 3350 summam,
571 3269 672 3333 metui
695 3291 729 3334 se
752 3271 897 3354 volebat3
925 3269 1040 3335 deinde
1064 3273 1173 3340 victo·

148 3351 206 3415 riis
243 3352 429 3440 divitiisque
466 3356 621 3421 subnixus
654 3357 821 3424 exultabat
851 3360 1030 3434 insolentia
1064 3383 1174 3449 neque

148 3459 225 3504 suos
259 3463 366 3508 mores
398 3465 509 3528 regere
541 3447 672 3528 poterat
702 3468 807 3532 neque
839 3469 971 3513 suorum
1001 3449 1174 3519 libidines.

94 3540 129 3589 46
149 3524 263 3612 Itaque
296 3551 369 3596 cum
401 3533 505 3597 maior
537 3534 607 3598 eius
643 3535 730 3600 filius
763 3535 944 3622 Lucretiae,
981 3536 1175 3624 Tricipitini
