2446 3944
530 199 772 264 -534-

151 363 249 447 longe
268 360 348 425 duco
368 359 527 444 sapientia
544 359 617 444 ipsa
635 379 704 423 esse
719 358 969 442 anteponendos.
997 357 1042 424 Et
1058 379 1157 442 quon-

151 449 217 514 iam
244 447 382 512 maxime
409 447 554 532 rapimur
581 445 622 511 ad
650 466 727 531 opes
755 445 918 531 augendas
948 446 1077 531 generis
1100 447 1156 511 hu-

152 536 240 600 mani
263 534 491 618 studemusque
512 534 634 598 nostris
657 533 799 599 consiliis
821 536 853 598 et
872 534 1039 598 laboribus
1059 535 1156 600 tutio-

151 644 221 687 rem
248 626 281 687 et
308 622 544 708 opulentiorem
571 622 673 686 vitam
699 620 867 686 hominum
893 622 1026 686 reddere
1055 626 1089 686 et
1117 623 1157 687 ad

151 739 179 789 p.
199 713 263 791 126]
290 709 375 775 hanc
394 711 399 794 Ι
419 710 621 795 voluptatem
646 709 749 793 ipsius
775 713 911 774 naturae
939 709 1083 774 stimulis
1109 711 1156 774 in·

151 798 298 882 citamur,
315 802 481 862 teneamus
500 818 573 861 eum
592 817 729 880 cursum,
748 797 804 880 qui
822 818 948 882 semper
960 796 1025 861 fuit
1039 798 1156 882 optimi

152 885 313 969 cuiusque,
335 906 438 969 neque
461 906 499 949 ea
522 884 616 970 signa
639 884 815 968 audiamus,
838 906 920 968 quae
942 886 1089 969 receptui
1108 908 1156 950 ca-

151 977 242 1056 nunt,
265 976 302 1037 ut
325 994 380 1037 eos
403 972 501 1037 etiarn
523 975 683 1055 revocent,
706 972 762 1055 qui
783 972 850 1036 iam
871 973 1099 1057 processerint.

113 1033 134 1158 Ξ
217 1059 279 1124 His
307 1060 486 1125 rationibus
514 1063 583 1124 tam
610 1060 706 1124 certis
730 1063 861 1143 tamque
883 1060 1079 1125 inlustribus
1103 1083 1156 1145 op

151 1152 315 1234 ponuntur
338 1148 379 1212 ab
397 1148 452 1232 iis,
480 1147 535 1231 qui
557 1151 671 1213 contra
694 1146 875 1231 disputant,
901 1148 1045 1232 primum
1067 1149 1155 1214 labo

151 1258 217 1320 res,
247 1236 302 1319 qui
331 1235 396 1299 sint
422 1257 457 1299 re
484 1235 614 1319 publica
642 1233 838 1299 defendenda
861 1235 1055 1319 sustinendi,
1086 1237 1154 1301 leve

152 1345 229 1388 sane
255 1322 510 1408 inpedimentum
536 1322 688 1408 vigilanti
716 1325 749 1386 et
776 1321 949 1407 industrio,
977 1344 1084 1407 neque
1108 1346 1155 1388 so

150 1439 178 1490 p.
198 1413 245 1492 91]
264 1412 331 1475 lum
352 1409 356 1496 Ι
375 1411 410 1474 in
431 1411 532 1475 tantis
555 1411 661 1494 rebus,
684 1409 740 1474 sed
762 1410 861 1474 etiam
883 1411 918 1474 in
939 1410 1154 1476 mediocribus

151 1498 204 1563 vel
231 1498 346 1563 studiis
374 1498 427 1563 vel
456 1497 571 1562 officiis
600 1498 652 1562 vel
683 1519 760 1562 vero
788 1498 886 1562 etiam
912 1499 1056 1584 negotiis
1084 1521 1156 1564 oon·

151 1586 366 1650 temnendum.
398 1584 628 1670 Adiunguntur
645 1585 788 1671 pericula
808 1586 903 1669 vitae,
921 1587 1094 1671 turpisque
1114 1588 1154 1652 ab

112 1684 114 1689 ’
151 1673 203 1738 his
221 1673 359 1739 formido
374 1673 488 1738 mortis
507 1673 646 1738 fortibus
660 1673 739 1738 viris
754 1673 937 1758 opponitur,
956 1675 1074 1757 quibus
1090 1697 1155 1739 ma-

152 1762 202 1847 gis
221 1761 255 1825 id
273 1762 427 1826 miserum
439 1761 540 1825 videri
554 1761 646 1845 solet,
660 1764 778 1825 natura
792 1782 827 1825 se
840 1761 986 1826 consumi
1000 1765 1034 1826 et
1049 1784 1154 1827 senec-

151 1852 231 1933 tute,
245 1870 342 1932 quam
357 1849 419 1913 sibi
434 1849 503 1913 dari
516 1852 654 1932 tempus,
667 1851 705 1912 ut
717 1849 844 1932 possint
859 1871 930 1913 eam
944 1849 1058 1934 vitam,
1073 1872 1154 1934 quae

151 1940 262 2000 tamen
284 1939 369 2000 esset
391 1936 551 2000 reddenda
572 1939 717 2020 naturae,
739 1958 798 2020 pro
821 1937 929 2021 patria
947 1937 1155 2021 potissimum

151 2023 290 2086 reddere.
340 2023 402 2087 Illo
438 2045 515 2088 vero
552 2045 586 2087 se
621 2024 693 2089 loco
729 2024 877 2108 copiosos
914 2028 947 2089 et
979 2024 1119 2090 disertos
1148 2022 1152 2112 Ι

150 2137 178 2189 p.
198 2113 244 2190 92]
268 2113 394 2194 putant,
418 2132 490 2174 cum
513 2111 715 2175 calamitates
739 2112 992 2176 clarissimorum
1010 2112 1154 2178 virorum

150 2197 348 2280 iniuriasque
370 2197 410 2260 iis
435 2198 475 2262 ab
498 2198 637 2283 ingratis
660 2199 819 2284 inpositas
842 2199 966 2264 civibus
986 2200 1154 2285 colligunt.

117 2284 235 2350 oHine
258 2285 343 2348 enim
364 2285 424 2348 illa
450 2288 482 2349 et
505 2286 590 2369 apud
613 2285 752 2351 Graecos
775 2287 935 2370 exempla,
961 2286 1153 2370 Miltiadem,

150 2373 306 2439 victorem
324 2372 578 2456 domitoremque
592 2372 772 2457 Persarum,
790 2374 932 2438 nondum
951 2376 1075 2440 sanatis
1089 2377 1154 2441 vol-

150 2461 281 2526 neribus
303 2461 354 2545 iis,
377 2482 458 2544 quae
482 2482 615 2544 corpore
638 2461 772 2525 adverso
794 2461 829 2524 in
852 2461 1033 2526 clarissima
1055 2463 1154 2529 victo

151 2549 200 2612 ria
233 2549 421 2632 accepisset,
452 2549 555 2613 vitam
587 2569 625 2612 ex
654 2548 798 2613 hostium
827 2549 902 2613 telis
930 2554 1094 2615 servatam
1120 2552 1155 2615 in

151 2636 269 2702 civium
282 2636 397 2701 vinclis
410 2636 601 2721 profudisse,
616 2639 648 2700 et
659 2635 910 2701 Themistoclem
947 2638 1040 2722 atria,
1058 2661 1154 2723 quam

151 2752 179 2803 p.
199 2727 245 2804 73]
273 2723 490 2808 liberavisset,
516 2724 646 2809 pulsum
669 2727 765 2807 atque
788 2660 1008 2810 proterriltum
1030 2748 1098 2791 non
1120 2728 1154 2790 in

152 2811 305 2876 Graeciae
327 2814 440 2896 portus
463 2833 521 2895 per
544 2833 578 2875 se
601 2816 760 2894 servatos,
784 2812 896 2876 sedin
918 2812 1091 2879 barbariae
1115 2815 1153 2878 si-

150 2921 211 2963 nus
244 2898 440 2984 confugisse,
473 2920 569 2982 quam
602 2899 782 2982 adflixerat3
813 2921 872 2965 nec
900 2922 977 2965 vero
1007 2900 1152 2966 levitatis

149 2985 399 3051 Atheniensium
421 2986 684 3069 crudelitatisque
706 2987 741 3050 in
763 2987 981 3070 amplissimos
1003 2989 1085 3053 civis
1105 3011 1154 3054 ex·

150 3076 258 3159 empla
286 3074 449 3157 deficiunt,
477 3096 558 3158 quae
586 3077 663 3138 nata
687 3078 719 3138 et
741 3073 947 3158 frequentata
969 3076 1057 3160 apud
1078 3077 1153 3142 illos

152 3162 250 3226 etiam
285 3162 321 3226 in
356 3162 592 3248 gravissumam
629 3161 794 3227 civitatem
825 3167 971 3227 nostram
1004 3163 1154 3229 dicuntur

117 3262 132 3309 6
150 3250 358 3333 redundasse,
380 3272 456 3314 nam
474 3250 527 3315 vel
546 3250 676 3314 exilium
695 3248 825 3314 Camilli
843 3251 896 3315 vel
915 3251 1050 3315 offensio
1070 3274 1153 3317 com-

151 3341 348 3401 memoratur
375 3336 501 3402 Ahalae
532 3338 584 3402 vel
614 3337 735 3402 invidia
761 3336 899 3403 Nasicae
926 3338 978 3402 vel
1001 3340 1152 3424 expulsio

149 3449 176 3501 p.
198 3426 243 3503 74]
267 3423 418 3489 Laenatis
442 3426 494 3490 vel
509 3424 628 3509 Opimii
648 3424 653 3508 Ι
673 3425 838 3490 damnatio
860 3425 912 3490 vel
934 3424 1014 3510 fuga
1026 3425 1154 3492 Metelli

150 3510 202 3576 rel
230 3512 438 3577 acerbissima
465 3511 499 3578 O.
520 3512 616 3576 Marii
642 3512 748 3577 clades
775 3513 1013 3597 principumque
1039 3515 1153 3580 caedes

65 3612 203 3704 ἢ
