2446 3944
547 152 786 216 ..454-

231 314 336 391 Quid?
354 315 382 378 is
400 312 462 376 tibi
476 314 653 377 mortemne
667 312 794 376 videtur
807 315 864 376 aut
877 312 1029 380 dolorem
1043 316 1186 383 timere?

165 403 315 487 quicum
338 401 436 484 diem,
466 421 529 484 quo
552 400 702 478 moritur,
731 399 862 464 beatum
890 401 1043 484 appellat
1071 425 1185 471 maxu-

165 491 289 573 misque
304 489 469 554 doloribus
484 487 628 552 adfectus
643 509 699 552 eos
717 488 805 571 ipsos
819 487 1030 554 inventorum
1046 514 1184 559 suorum

165 577 320 642 memoria
348 579 380 640 et
406 575 628 640 recordatione
657 574 803 641 confutat
832 596 892 640 nec
917 576 1002 643 haec
1032 579 1084 645 sic
1109 583 1184 666 agit,

165 669 202 730 ut
220 686 258 729 ex
276 668 421 748 tempore
440 665 531 746 quasi
551 662 677 727 effutire
696 663 863 728 videatur?
894 663 943 728 De
962 670 1074 731 morte
1095 670 1182 734 enim

165 754 213 817 ita
239 752 353 836 sentit,
382 758 419 817 ut
446 752 602 816 dissoluto
635 751 799 815 animante
831 772 962 816 sensum
996 754 1183 821 extinctum

165 843 270 925 putet,
298 840 382 924 quod
410 843 519 904 autem
546 860 641 903 sensu
664 841 785 921 careat,
811 838 893 903 nihil
921 840 964 904 ad
985 862 1051 907 nos
1076 844 1113 909 id
1137 846 1183 910 iu·

167 929 252 994 dicet
273 928 442 1012 pertinere.
484 927 566 991 Item
588 928 625 991 de
646 926 755 991 dolore
776 930 863 991 certa
884 926 997 1011 habet,
1022 951 1112 1014 quae
1136 955 1183 998 se·

166 1020 296 1100 quatur,
320 1016 408 1080 cuius
426 1014 682 1099 magnitudinem
704 1014 865 1079 brevitate
888 1017 1091 1102 consolatur,
1115 1021 1182 1086 lon·

114 1126 147 1175 89
166 1104 381 1190 ginquitateffl
411 1104 551 1169 levitate.
611 1101 674 1178 Qui
708 1102 838 1167 tandem
856 1163 859 1168 ,
874 1102 931 1167 isti
967 1106 1181 1193 grandiloqui

167 1196 280 1257 contra
310 1191 389 1255 haec
421 1190 497 1273 duo,
530 1211 610 1274 quae
641 1189 779 1254 maxime
813 1194 948 1275 angunt,
986 1194 1109 1260 melius
1148 1217 1180 1261 se

165 1280 289 1344 habent
311 1301 405 1362 quam
428 1277 607 1361 Epicurus?
631 1299 673 1341 an
696 1277 737 1342 ad
758 1280 876 1358 cetera,
899 1300 982 1361 quae
1005 1282 1101 1347 mala
1124 1306 1179 1367 pu·

166 1371 289 1451 tantur,
320 1389 385 1431 non
417 1370 449 1430 et
479 1366 639 1449 Epicurus
671 1367 704 1430 et
733 1366 847 1449 reliqui
877 1365 1071 1452 philosophi
1100 1373 1178 1435 satis

165 1455 272 1539 parati
300 1453 470 1519 videntur?
520 1453 599 1530 Quis
626 1475 693 1518 non
719 1457 943 1536 paupertatem
971 1457 1178 1524 extimescit?

114 1629 157 1693 32
166 1546 401 1696 neqdieictailbid
424 1541 1024 1714 ῗέὲὲᾳξὲῗωρῗωὲρξὲἷηοῗῇὺοηωε1
1073 1632 1176 1700 Nemo

167 1720 205 1784 de
223 1719 314 1784 tenui
332 1721 419 1784 victu
441 1719 536 1801 plura
554 1718 643 1782 dixit.
679 1716 823 1801 Etenim,
846 1739 997 1802 quaeres
1019 1722 1176 1803 pecuniae

166 1806 375 1890 cupiditatem
395 1807 556 1890 adferunt,
578 1809 615 1870 ut
639 1805 755 1888 amori,
778 1807 814 1869 ut
832 1805 1016 1890 ambitioni,
1041 1813 1081 1873 ut
1100 1810 1175 1876 coti·

167 1894 270 1958 dianis
303 1894 482 1977 sumptibus
515 1893 627 1976 copiae
659 1896 847 1977 suppetant,
880 1914 952 1958 cum
984 1897 1103 1977 procul
1136 1897 1174 1962 ab

166 1982 218 2046 his
247 1981 396 2046 omnibus
428 1982 523 2046 rebus
557 1981 655 2064 absit,
687 2002 743 2045 cur
773 1981 942 2064 pecuniam
975 2004 1174 2068 magnopere

115 2091 148 2139 90
167 2069 327 2133 desideret
353 2070 405 2134 vel
431 2069 539 2152 potius
567 2090 623 2133 cur
646 2073 735 2133 curet
763 2069 915 2134 omnino?
959 2068 1014 2134 An
1038 2069 1174 2156 Scythes

166 2156 363 2221 Anacharsis
381 2157 488 2240 potuit
505 2179 564 2239 pro
582 2157 686 2222 nihilo
709 2157 876 2240 pecuniam
895 2157 1024 2241 ducere,
1048 2165 1174 2226 nostra·

166 2250 216 2310 tes
248 2244 435 2328 philosophi
462 2244 566 2309 facere
593 2267 660 2311 non
685 2245 858 2328 poterunt?
906 2244 1001 2310 Illius
1036 2249 1175 2331 epistula

166 2332 269 2397 fertur
290 2332 343 2396 his
366 2333 485 2397 verbis:
518 2332 770 2397 ‘Anacharsis
793 2332 972 2397 Hannoni
1001 2336 1174 2401 salutem.

166 2419 261 2484 Mihi
293 2421 453 2485 amictui
485 2425 543 2485 est
570 2419 791 2503 Scythicum
818 2421 1001 2505 tegimen,
1031 2425 1174 2489 calcia·

166 2511 332 2573 mentum
363 2510 530 2574 solorum
558 2508 710 2592 callum,
740 2509 867 2573 cubile
895 2512 1012 2593 terra,
1039 2513 1175 2596 pulpa·

166 2600 332 2660 mentum
374 2596 506 2681 fames,
546 2597 661 2679 lacte,
702 2617 827 2681 caseo,
872 2618 984 2660 carne
1031 2620 1174 2665 vescor.

167 2684 291 2760 Quare
314 2689 355 2749 ut
378 2685 423 2749 ad
446 2685 614 2769 quietum
637 2705 692 2748 me
715 2684 809 2749 licet
832 2685 972 2748 venias.
1017 2683 1175 2752 Munera

168 2775 293 2836 autem
320 2773 411 2853 ista,
444 2773 580 2855 quibus
609 2794 647 2836 es
675 2771 903 2856 delectatus,
934 2773 995 2837 vel
1024 2774 1174 2840 civibus

166 2861 245 2924 tuis
282 2861 343 2925 vel
379 2860 436 2924 dis
473 2860 754 2925 immortalibus
787 2859 904 2924 dona?
955 2859 1076 2927 Omnes
1109 2863 1174 2928 fere

165 2947 352 3031 philosophi
379 2949 523 3013 omnium
555 2948 809 3031 disciplinarum,
840 2948 903 3013 nisi
931 2970 1012 3033 quos
1040 2973 1060 3014 a
1088 2956 1175 3016 recta

166 3037 291 3101 ratione
318 3039 435 3100 natura
461 3036 578 3100 vitiosa
605 3035 807 3118 detorsisset,
834 3037 944 3101 eodem
971 3036 1035 3101 hoc
1065 3041 1176 3104 animo

114 3143 146 3191 91
167 3145 237 3188 esse
259 3127 441 3207 potuerunt.
491 3121 652 3206 Socrates,
678 3122 713 3186 in
739 3146 859 3206 pompa
881 3145 953 3190 oum
980 3147 1104 3211 magna
1127 3128 1174 3192 vis

166 3212 236 3275 auri
268 3212 455 3296 argentique
484 3211 635 3295 ferretur,
665 3209 797 3286 ‘Quam
824 3214 946 3277 multa
967 3235 1045 3278 non
1074 3216 1175 3280 desi·

165 3298 282 3363 derol'
306 3300 417 3383 inquit.
462 3297 674 3381 Xenocrates,
704 3321 776 3363 cum
799 3299 899 3386 legati
922 3300 963 3365 ab
986 3299 1174 3368 Alexandro

164 3385 398 3471 quinquaginta
421 3387 451 3452 ei
473 3388 595 3452 talenta
618 3387 816 3472 attulissent,
839 3409 921 3473 quae
941 3392 1011 3453 erat
1034 3392 1175 3474 pecunia

85 3472 364 3723 wsporibus
383 3475 462 3561 illis,
480 3474 617 3540 Athenis
636 3474 836 3562 praesertim,
859 3498 1017 3563 maxuma,
1037 3479 1175 3544 abduxit

159 3615 173 3668 b
