2446 3944
511 225 552 237 -
599 189 751 254 300-

132 381 173 425 ne
196 357 437 424 crudelissimus
459 355 590 440 quidem
611 354 717 419 hostis
740 356 862 420 honore
883 356 1069 439 sepulturae
1090 378 1144 422 oe·

133 468 204 511 rere
226 467 341 530 passus
365 447 424 529 est,
448 444 504 508 sed
526 444 671 529 legiones
694 446 834 527 nostras,
857 443 944 527 quod
967 443 1085 527 scripsi
1107 445 1145 508 in

134 533 335 618 Originibus,
374 533 410 596 in
446 553 519 596 eum
556 531 664 596 locum
702 552 797 615 saepe
833 530 997 615 profectas
1039 532 1145 597 alacri

135 622 242 688 animo
266 623 299 685 et
322 623 438 703 erecto,
460 618 544 684 unde
568 640 602 683 se
624 618 783 683 redituras
806 640 983 702 numquam
1002 619 1144 684 arbitra·

134 713 255 773 rentur.
300 707 393 783 Quod
415 707 518 791 igitur
541 706 777 789 adulescentes,
804 710 838 770 et
864 706 888 769 ii
916 707 1045 790 quidem
1071 729 1145 773 non

135 798 241 862 solum
264 796 395 880 indocti,
418 796 475 859 sed
497 795 596 859 etiam
618 794 738 877 rustici,
761 797 980 878 contemnunt,
1000 795 1033 859 id
1053 794 1144 861 docti

83 903 116 953 re
136 906 227 949 senes
251 883 484 948 extimescent?
511 882 664 966 Omnino,
687 885 725 945 ut
747 882 829 946 mihi
852 882 980 965 quidem
1002 882 1145 967 videtur,

83 1635 104 1700 2

135 972 316 1037 studiorum
335 972 479 1036 omnium
493 970 627 1035 satietas
641 970 729 1034 vitae
741 969 821 1035 facit
836 970 1029 1034 satietatem.
1058 969 1144 1036 Sunt

134 1059 292 1144 pueritiae
316 1059 423 1124 studia
445 1063 547 1140 certa3
570 1080 649 1122 num
671 1057 773 1142 igitur
796 1079 834 1122 ea
858 1058 1042 1131 desiderant
1065 1059 1144 1124 adu·

134 1148 315 1213 lescentes?
348 1150 423 1211 sunt
445 1146 585 1210 ineuntis
613 1145 864 1229 adulescentiam
894 1168 973 1211 num
1001 1167 1039 1210 ea
1067 1169 1143 1212 oon·

136 1240 227 1300 stans
249 1237 315 1300 iam
342 1233 479 1318 requirit
507 1236 611 1318 aetas,
644 1255 726 1316 quae
755 1234 861 1297 media
888 1233 1027 1298 dicitur?
1064 1239 1145 1300 sunt

136 1323 235 1388 etiam
258 1324 327 1387 eius
351 1322 482 1405 aetatis,
513 1342 555 1385 ne
582 1343 620 1386 ea
647 1321 776 1404 quidem
804 1325 1001 1405 quaeruntur
1032 1321 1067 1385 in
1097 1345 1145 1388 se·

134 1414 278 1494 nectute3
297 1415 372 1474 sunt
391 1414 535 1475 extrema
549 1409 707 1493 quaedam
722 1409 830 1473 studia
844 1410 1034 1493 senectutis,
1053 1432 1145 1497 ergo,

134 1503 172 1563 ut
196 1499 398 1582 superiorum
421 1501 566 1562 aetatum
593 1497 701 1561 studia
729 1497 891 1581 occidunt,
919 1498 964 1562 sic
992 1498 1146 1563 occidunt

107 1587 236 1700 1etiarn
259 1586 449 1668 senectutis3
473 1586 559 1668 quod
577 1606 650 1649 cum
668 1585 784 1668 evenit,
803 1585 937 1649 satietas
956 1585 1043 1649 vitae
1062 1590 1146 1652 tem-

84 1714 117 1764 ,Π
136 1697 196 1758 pus
224 1677 388 1738 maturum
420 1673 536 1737 mortis
564 1673 677 1736 adfert.
722 1671 798 1736 Non
825 1673 911 1737 enim
937 1673 1045 1755 video,
1077 1697 1146 1759 eur,

137 1762 214 1845 quid
236 1762 306 1845 ipse
330 1761 468 1824 sentiam
489 1760 528 1824 de
546 1763 660 1843 morte,
677 1782 743 1825 non
762 1760 897 1825 audeam
914 1761 1008 1825 vobis
1028 1762 1146 1848 dicere,

137 1848 223 1932 quod
246 1869 284 1912 eo
307 1869 436 1912 cernere
459 1847 540 1911 mihi
562 1848 677 1912 melius
700 1848 824 1931 videor,
855 1870 918 1932 quo
943 1849 983 1913 ab
1007 1871 1045 1913 sa
1069 1873 1147 1934 pro·

135 1936 209 2020 pius
238 1936 360 1999 absum.
405 1935 479 2019 Ego
506 1938 633 1999 vestros
660 1939 784 2020 patres,
815 1935 850 2000 P.
878 1934 1000 2020 Scipio,
1031 1941 1146 2024 tuque,

136 2021 171 2088 O.
184 2021 285 2105 Laeli,
301 2023 393 2087 viros
412 2022 610 2086 clarissimos
629 2022 772 2106 mihique
791 2023 1014 2108 amicissimae,
1032 2025 1146 2090 vivere

137 2110 293 2192 arbitror,
325 2113 357 2174 et
385 2131 456 2173 eam
482 2110 611 2193 quidem
639 2110 755 2193 vitam,
787 2132 868 2194 quae
897 2116 946 2175 est
975 2113 1046 2176 sola
1071 2113 1146 2178 vita

135 2197 340 2261 nominanda.
385 2195 488 2280 Nam,
511 2197 586 2261 dum
610 2219 720 2262 sumus
743 2198 860 2263 inclusi
881 2199 917 2262 in
938 2199 990 2263 his
1010 2222 1146 2284 compa·

136 2285 231 2370 gibus
255 2284 413 2368 corporis,
441 2306 572 2348 munere
600 2285 740 2369 quodam
762 2287 966 2350 necessitatis
990 2291 1023 2351 et
1047 2288 1145 2373 gravi

136 2393 232 2455 opere
255 2371 492 2457 perfungimur,
525 2376 575 2436 est
602 2373 688 2437 enim
712 2374 837 2438 animus
861 2375 1010 2439 caelestis
1035 2397 1074 2439 ex
1097 2377 1145 2440 al·

135 2459 263 2523 tissimo
287 2459 450 2524 domicilio
474 2460 643 2543 depressus
667 2464 700 2525 et
724 2462 817 2545 quasi
840 2462 1003 2527 demersus
1026 2463 1062 2526 in
1079 2467 1146 2528 ter·

135 2569 216 2632 ram,
238 2548 346 2612 locum
368 2547 495 2612 divinae
513 2551 648 2612 naturae
667 2549 915 2633 aeternitatique
934 2551 1145 2618 contrarium.

137 2633 200 2698 Sed
218 2635 312 2699 credo
331 2635 409 2698 deos
427 2633 618 2700 inmortales
638 2637 795 2719 sparsisse
810 2638 934 2702 animos
953 2639 987 2702 in
1006 2660 1147 2723 corpora

135 2723 291 2807 humana,
318 2726 355 2785 ut
379 2727 500 2805 essent,
524 2723 579 2806 qui
602 2727 706 2788 terres
728 2727 910 2808 tuerentur,
934 2726 1052 2810 quique
1075 2749 1147 2791 cae-

136 2811 269 2875 lestium
292 2810 437 2874 ordinem
460 2812 717 2894 contemplantes
739 2812 946 2876 imitarentur
963 2836 1038 2877 eum
1056 2814 1147 2880 vitae

136 2899 233 2963 modo
257 2901 354 2981 atque
376 2898 570 2962 constantia.
614 2897 683 2963 Nec
706 2921 757 2963 me
780 2900 886 2964 solum
909 2901 994 2965 ratio
1018 2923 1055 2967 ac
1081 2903 1147 2968 dis-

137 2986 264 3070 putatio
287 2985 427 3069 impulit,
449 2988 487 3048 ut
508 2986 557 3048 ita
580 2986 754 3070 crederem,
782 2988 839 3051 sed
863 2989 1021 3053 nobilitas
1045 2991 1148 3056 etiam

85 3088 119 3138 78
138 3095 337 3137 summorum
364 3072 633 3156 philosophorum
664 3078 699 3138 et
730 3075 915 3141 auctoritas.
961 3075 1148 3144 Audiebam

136 3161 360 3245 Pythagoram
390 3160 692 3246 Pythagoreosque,
723 3163 845 3228 incolas
873 3185 974 3248 paene
1001 3170 1148 3252 nostros,

138 3249 193 3332 qui
217 3250 325 3312 essent
347 3245 455 3312 Italici
477 3248 665 3333 philosophi
684 3250 847 3333 quondam
864 3253 1033 3337 nominati,
1053 3276 1147 3319 num·

138 3357 236 3418 quam
259 3335 438 3419 dubitasse,
468 3335 547 3419 quin
569 3358 608 3400 ex
630 3337 780 3403 universa
802 3344 909 3403 mente
933 3339 1042 3406 divine
1065 3342 1148 3406 deli-

137 3423 233 3487 batos
249 3422 373 3487 animos
387 3423 590 3488 haberemus.
622 3423 942 3492 Demonstrabantur
959 3428 1040 3493 mihi
1053 3453 1148 3514 prae-

137 3513 237 3594 terea,
252 3531 334 3593 quae
349 3508 498 3576 Socrates
513 3533 664 3598 supremo
679 3513 766 3579 vitae
785 3514 836 3578 die
855 3515 893 3580 de
907 3515 1149 3584 inmortalitate
