2446 3944
536 203 578 214 -
623 167 776 232 434-

99 349 135 399 3ο
154 349 223 393 esse
244 327 370 411 possit?
419 325 495 392 Non
521 325 622 411 igitur
648 325 743 391 facile
766 325 903 391 concedo
928 346 1033 409 neque
1056 324 1168 392 Bruto

153 438 225 481 meo
247 436 350 500 neque
374 414 596 479 communibus
619 413 786 499 magistris
808 435 867 478 nec
894 413 1061 479 veteribus
1089 414 1168 498 illis,

152 503 335 586 Aristoteli,
363 501 556 586 Speusippo,
583 500 769 584 Xenocrati,
797 500 980 580 Polemoni,
1007 504 1060 585 ut,
1092 523 1167 567 cum

153 612 204 675 ea,
232 613 313 675 quae
337 612 434 674 supra
456 590 653 673 enumeravi,
681 590 715 653 in
738 589 833 654 malis
856 592 1040 671 numerent,
1063 589 1166 655 iidem

154 679 263 743 dicant
281 700 406 762 semper
423 678 554 743 beatum
573 698 643 741 esse
661 676 848 760 sapientem.
886 676 974 753 Quos
993 676 1023 740 si
1044 677 1165 742 titulus

152 766 205 831 hic
232 767 370 831 deleniat
396 765 533 850 insignis
562 769 594 829 et
616 765 763 848 pulcher,
792 762 994 850 Pythagora,
1019 762 1164 850 Socrate,

151 853 287 918 Platone
318 852 539 936 dignissimus,
569 853 722 916 inducant
747 852 892 916 animum
918 852 990 934 illa,
1024 873 1164 935 quornm

153 942 320 1026 splendore
335 941 513 1025 capiuntur,
526 941 622 1023 vires,
635 941 861 1023 valetudinem,
874 939 1162 1025 pulchritudinem,

152 1029 291 1113 divitias,
309 1028 457 1112 honores,
476 1049 552 1111 opes
573 1031 776 1092 contemnere
795 1049 903 1111 eaque,
921 1049 1003 1110 quae
1017 1027 1072 1093 his
1088 1050 1162 1093 con·

152 1119 253 1183 traria
270 1125 357 1199 sunt,
375 1138 433 1199 pro
449 1116 552 1203 nihilo
571 1115 698 1201 ducere,
716 1118 786 1178 tum
803 1118 959 1198 poterunt
976 1115 1158 1184 clarissime

151 1227 229 1270 voce
251 1204 396 1289 profiteri
418 1225 452 1268 se
474 1225 578 1288 neque
607 1203 756 1268 fortunae
783 1203 907 1287 impetu
929 1224 988 1269 nee
1012 1204 1160 1269 multitu·

152 1293 236 1357 dinis
251 1292 401 1376 opinione
414 1313 473 1355 nec
487 1291 597 1355 dolore
610 1312 670 1355 nec
688 1294 879 1374 paupertate
893 1291 1017 1373 terreri,
1037 1292 1160 1356 omnia·

152 1403 214 1465 que
237 1380 300 1444 sibi
322 1381 357 1443 in
381 1401 450 1444 sese
471 1400 540 1442 esse
561 1379 683 1462 posita,
704 1400 764 1443 nec
783 1400 852 1443 esse
876 1379 1048 1462 quicquam
1069 1383 1160 1445 extra

98 1488 132 1536 31
153 1491 244 1534 suam
272 1470 481 1550 potestatem,
510 1466 594 1550 quod
626 1465 746 1530 ducant
776 1466 811 1530 in
841 1467 946 1531 bonis.
999 1465 1098 1532 Nunc
1129 1471 1161 1535 et

151 1556 230 1621 haec
252 1555 355 1640 loqui,
378 1576 460 1639 quae
479 1559 554 1618 sunt
571 1555 683 1639 magui
702 1554 866 1618 cuiusdam
890 1559 923 1618 et
946 1554 1007 1618 alti
1030 1554 1105 1638 viri,
1128 1559 1159 1620 et

152 1645 276 1727 eadem,
299 1664 379 1726 quse
401 1643 530 1726 vulgus,
553 1642 588 1706 in
606 1642 701 1706 malis
721 1645 754 1705 et
775 1642 869 1705 bonis
894 1663 1065 1706 numerare
1086 1665 1158 1708 eon·

152 1733 221 1796 cedi
247 1730 337 1794 nullo
363 1729 460 1794 modo
488 1732 605 1812 potest.
650 1729 720 1806 Qua
747 1729 851 1814 gloria
879 1735 1060 1794 commotus
1083 1730 1159 1814 Epi·

152 1840 246 1883 curus
264 1818 418 1900 exoritur,
437 1818 488 1881 cui
506 1818 618 1900 etiem,
637 1817 665 1881 si
683 1817 733 1881 dis
751 1817 869 1901 placet,
886 1817 1013 1881 videtur
1033 1839 1159 1902 semper

152 1905 279 1990 sapiens
306 1905 429 1969 beatus.
475 1904 539 1969 Hic
562 1905 723 1988 dignitate
748 1903 843 1969 huius
868 1904 1048 1970 sententiae
1073 1907 1158 1990 capi·

149 1997 216 2076 tur,
239 1991 294 2056 sed
311 2013 486 2074 numquam
504 1993 538 2056 id
557 1993 689 2075 diceret,
713 1992 741 2056 si
758 1992 828 2076 ipse
848 2013 880 2057 se
899 1991 1034 2057 audiret.
1075 1993 1159 2070 Quid

151 2084 200 2145 est
223 2080 322 2162 enim,
345 2080 429 2162 quod
452 2080 557 2143 minus
581 2080 763 2163 conveniat,
786 2101 884 2163 quam
905 2083 942 2144 ut
963 2081 1006 2164 is,
1030 2082 1088 2164 qui
1111 2082 1159 2146 vel

151 2189 311 2234 summum
334 2168 386 2230 vel
409 2168 513 2230 solum
536 2167 657 2232 malum
685 2167 828 2232 dolorem
852 2188 921 2231 esse
945 2165 1047 2251 dicat,
1074 2169 1160 2234 idem

151 2258 280 2319 censeat
315 2252 434 2329 ‘Quam
470 2254 532 2319 hoc
569 2277 666 2320 suave
700 2253 778 2319 esti'
814 2258 897 2336 tum,
934 2276 1007 2319 cum
1049 2255 1159 2322 dolore

151 2342 322 2426 crucietur,
349 2341 508 2406 dicturum
536 2364 605 2407 esse
634 2342 834 2425 sapientem?
886 2341 962 2408 Non
989 2343 1095 2427 igitur
1122 2367 1160 2409 ex

151 2430 288 2514 singulis
306 2430 437 2494 vocibus
455 2430 641 2514 philosophi
659 2430 824 2514 spectandi
843 2433 931 2515 sunt,
958 2430 1013 2494 sed
1033 2452 1073 2496 ex
1090 2454 1160 2516 per-

149 2519 306 2600 petuitate
329 2520 425 2601 atque
449 2519 638 2584 constantia.

97 2610 137 2735 ἐξ
216 2640 257 2704 Α.
285 2639 425 2704 Adducis
453 2662 518 2724 me,
545 2645 582 2704 ut
606 2641 667 2704 tibi
690 2640 861 2705 adsentiar.
907 2638 970 2704 Sed
996 2644 1057 2707 tue
1084 2665 1161 2729 quo·

151 2750 211 2812 que
234 2728 306 2793 vide
329 2750 370 2791 ne
393 2728 591 2792 desideretur
613 2728 804 2792 constantia.

216 2856 261 2915 M.
286 2849 432 2926 Quonam
458 2850 576 2914 modo?

215 2955 256 3020 A.
284 2954 367 3031 Quia
393 2956 458 3039 legi
486 2959 578 3020 tuum
604 2977 707 3039 nuper
729 2959 879 3040 quartum
902 2956 941 3020 de
962 2957 1097 3042 finibus,
1127 2960 1161 3023 in

151 3064 188 3107 eo
211 3043 293 3107 mihi
315 3042 465 3108 videbare
489 3046 601 3108 contra
624 3041 781 3108 Catonem
806 3044 965 3109 disserens
990 3045 1054 3110 hoc
1078 3047 1161 3111 velle

151 3131 329 3215 ostendere,
353 3131 437 3214 quod
456 3131 536 3195 mihi
555 3130 683 3214 quidem
701 3133 871 3215 probatur,
894 3132 977 3196 inter
996 3131 1161 3199 Zenonem

151 3220 183 3280 et
218 3216 451 3301 Peripateticos
487 3219 569 3283 nihil
603 3222 731 3302 praeter
766 3220 938 3285 verborum
978 3221 1160 3286 novitatem

150 3304 316 3371 interesse.
362 3305 455 3382 Quod
478 3307 505 3371 si
527 3306 575 3371 ita
597 3309 661 3390 est,
688 3307 836 3391 quidest
859 3328 988 3391 causae,
1017 3309 1110 3393 quin,
1133 3309 1161 3373 si

151 3390 290 3456 Zenonis
317 3394 436 3458 rationi
464 3398 715 3459 consentaneum
743 3395 786 3459 sit
814 3395 891 3459 setis
918 3414 1073 3479 magnam
1095 3397 1162 3461 vim

95 3497 99 3507 ·
149 3477 186 3542 in
208 3480 328 3545 virtute
351 3503 419 3546 esse
443 3482 483 3546 ad
510 3483 604 3547 beate
626 3482 811 3567 vivendum,
838 3482 934 3547 liceat
961 3482 1049 3547 idem
1071 3483 1160 3549 Peri·
