2446 3944
526 191 876 264 -116-,

59 368 63 374 “
142 378 201 422 sua
223 356 343 439 solum,
366 354 423 419 sed
446 355 545 419 111111
568 354 720 438 aliorum,
746 355 792 420 111
813 355 849 419 in
871 355 967 421 domo
991 357 1071 421 olari
1093 355 1151 422 ho

142 444 252 527 minis,
282 443 318 506 in
349 464 446 526 quam
476 446 509 506 et
535 441 682 527 hospites
710 442 806 506 multi
833 444 1008 528 reeipiendi
1036 448 1069 508 et
1097 445 1150 509 ad-

141 531 300 596 mittenda
312 529 480 595 hominum
494 529 648 614 cuiusque
662 530 750 594 modi
763 531 948 614 multitudo,
967 532 1150 597 adhibenda

141 641 218 685 1111
241 623 291 683 est
313 617 474 701 laxitatis3
498 617 593 683 aliter
616 618 726 702 ampla
749 619 862 683 domus
886 620 1034 684 dedecori
1053 642 1150 706 saepe
1207 650 1210 655 ·

142 706 272 772 domino
294 707 346 788 fit,
374 706 403 770 si
425 709 476 770 est
502 706 538 770 in
560 727 599 770 ea
621 706 776 790 solitudo,
805 710 838 770 et
860 708 1013 791 maxime,
1041 708 1069 772 si
1093 708 1150 773 ali·

142 795 270 878 quando
298 794 362 858 alio
391 793 520 859 domino
546 793 644 858 solita
667 797 717 857 est
738 793 948 877 frequentari.
994 795 1149 861 Odiosum

141 887 192 947 est
215 882 313 964 enim,
337 904 410 946 oum
434 903 453 946 a
476 881 758 966 praetereuntibus
782 882 912 946 dieitur:

186 992 206 1035 o
230 968 362 1034 domus
386 969 561 1052 antiqua,
583 969 656 1033 heu
679 991 789 1052 quam
812 968 964 1055 dispari

187 1057 393 1122 Domindre
417 1056 584 1122 domino!

142 1145 229 1230 quod
257 1145 386 1229 quidem
413 1144 464 1208 his
496 1145 698 1229 temporibus
725 1145 761 1208 in
787 1145 900 1210 multis
928 1145 1005 1211 lieet
1034 1145 1148 1212 dicere.

91 1248 141 1298 140
155 1232 342 1299 (lavandum
365 1236 474 1297 autem
488 1236 547 1316 est,
569 1232 762 1317 praesertim
785 1233 815 1297 si
836 1233 906 1318 ipse
929 1234 1086 1318 aedifices,
1108 1257 1149 1299 ne

142 1326 235 1386 extra
261 1321 393 1386 modum
421 1324 553 1405 sumptu
582 1324 615 1384 et
641 1321 883 1406 magnificentia
904 1322 1056 1407 prodeas,
1084 1344 1148 1406 quo

140 1408 176 1473 in
190 1429 307 1495 genere
321 1409 461 1473 multum
475 1408 554 1472 mali
572 1408 671 1472 etiam
688 1408 724 1471 in
742 1410 888 1494 exemplo
907 1414 966 1473 est.
998 1407 1148 1474 Studiose

142 1497 228 1561 enim
250 1497 399 1582 plerique
421 1495 614 1580 praesertim
640 1496 676 1559 in
697 1494 781 1560 hano
803 1500 930 1582 partem
952 1496 1040 1561 faeta
1061 1497 1148 1581 prin·

140 1584 250 1668 111111
271 1585 451 1667 imitantur,
474 1587 511 1647 ut
531 1583 566 1648 L.
590 1583 731 1666 Luculli,
755 1585 873 1649 summi
894 1584 969 1668 viri,
992 1584 1148 1650 virtutem

142 1672 236 1756 quis?
260 1675 294 1736 at
318 1694 415 1772 quam
434 1670 530 1735 multi
547 1671 701 1736 villarum
719 1672 995 1772 magnificentiam
1012 1672 1148 1737 imitati!

142 1760 633 1928 111811111111111111111111111111
660 1758 1148 1930 ἃ111111111111111111111111111111111111

142 1954 270 1998 omnem
292 1954 386 1997 usum
410 1934 596 2017 cultumque
622 1932 709 1997 vitae
731 1933 958 1998 transferenda
982 1939 1039 2000 est.
1085 1934 1148 2000 Sed

141 2020 221 2086 haee
242 2020 409 2084 haetenus.

89 2121 140 2172 141
206 2107 247 2172 In
273 2107 362 2172 omni
389 2111 499 2172 autem
525 2107 651 2172 actione
679 2106 884 2190 suscipienda
910 2107 976 2171 tria
1003 2111 1078 2170 sunt
1101 2110 1147 2171 te-

140 2195 259 2278 nenda,
282 2196 423 2279 primum
445 2199 483 2259 ut
508 2194 672 2279 appetitus
689 2194 813 2257 rationi
831 2198 957 2278 pareat,
981 2216 1044 2277 quo
1062 2194 1147 2259 nihil

141 2283 255 2346 estad
279 2282 386 2347 officia
413 2282 630 2348 conservanda
658 2282 945 2365 accommodatius,
974 2282 1087 2346 deinde
1110 2287 1148 2347 ut

141 2369 427 2453 animadvertatur,
446 2373 568 2453 quanta
585 2369 644 2434 illa
661 2390 713 2433 res
733 2369 790 2453 sit,
809 2391 907 2453 quam
926 2369 1052 2434 efficere
1070 2371 1147 2436 veli-

141 2478 227 2541 mus,
249 2461 287 2522 ut
308 2478 388 2522 neve
410 2457 515 2521 maior
536 2478 617 2522 neve
640 2457 747 2521 minor
769 2479 846 2521 eura
869 2461 903 2521 et
926 2479 1025 2542 opera
1049 2458 1147 2523 susei-

140 2545 258 2630 piatur,
281 2567 379 2629 quam
402 2567 499 2610 eausa
520 2544 673 2629 postulet.
719 2544 865 2608 Tertium
889 2549 950 2629 est,
978 2548 1015 2609 ut
1038 2567 1147 2611 eavea-

141 2654 226 2715 mus,
253 2636 290 2696 ut
318 2654 368 2718 ea,
396 2655 478 2716 quae
504 2633 668 2717 pertinent
693 2632 736 2696 ad
758 2632 928 2697 liberalem
951 2633 1090 2717 speeiem
1114 2637 1147 2697 et

141 2719 347 2806 dignitatem,
370 2721 540 2787 moderata
561 2720 636 2784 sint.
671 2718 787 2784 Modus
806 2724 915 2785 autem
935 2724 985 2785 est
1003 2721 1146 2805 optimus

141 2808 236 2873 deous
263 2809 372 2894 ipsum
398 2813 522 2892 tenere,
550 2807 589 2872 de
617 2828 680 2891 quo
710 2811 784 2872 ante
813 2809 965 2892 diximus,
992 2830 1052 2873 neo
1074 2831 1147 2893 pro-

141 2896 233 2982 gredi
251 2896 390 2980 longius.
425 2895 553 2960 Horum
571 2899 682 2960 tamen
703 2895 803 2960 trium
826 2896 1147 2981 praestantissimum

87 2988 192 3094 40est
215 2985 396 3068 appetitum
418 2988 642 3069 optemperare
665 2983 793 3047 rationi.

89 3105 139 3155 142
206 3071 365 3156 Deinceps
381 3071 419 3136 de
434 3072 544 3136 ordine
558 3093 667 3136 rerum
686 3074 719 3134 et
732 3071 771 3135 de
786 3072 1010 3155 oportunitate
1023 3076 1147 3156 tempo·

140 3179 213 3222 rum
236 3159 405 3224 dicendum
431 3163 491 3225 est.
534 3158 625 3224 Haeo
650 3161 759 3222 autem
782 3159 917 3223 seientia
940 3160 1147 3225 eontinentur

141 3266 192 3326 ea,
216 3266 313 3328 quam
328 3245 444 3312 Graeci
461 3241 616 3323 εὐταξίαν
632 3245 816 3328 nominant,
839 3268 905 3310 non
927 3247 1025 3330 hano,
1048 3269 1147 3331 quam

140 3330 393 3416 interpretamur
423 3333 666 3411 modestiam,
703 3355 767 3417 quo
805 3334 840 3396 in
875 3335 976 3399 verbo
1013 3336 1146 3399 modus

139 3417 234 3503 inest,
257 3421 313 3484 sed
335 3422 395 3486 illa
418 3426 468 3486 est
490 3415 635 3504 εὐταξία,
657 3421 693 3484 in
715 3443 780 3505 qua
797 3420 1000 3507 intellegitur
1024 3422 1146 3487 ordinis

140 3508 349 3574 conservatio.
387 3509 515 3594 ltaque,
537 3512 574 3574 ut
593 3509 726 3575 eandem
744 3529 804 3573 nos
823 3509 1017 3574 modestiam
1037 3511 1148 3596 appel·

65 3598 78 3711 l
