2446 3944
544 224 586 236 —-
631 189 785 255 334-

165 360 262 442 venti‚
285 359 425 423 retinent
448 363 558 423 tamen
581 358 749 422 caritatem
772 380 807 421 m
828 362 986 446 pastores,
1012 380 1095 442 quos
1119 383 1176 445 pa-

164 452 231 511 tres
264 447 385 511 multos
418 467 520 511 annos
553 466 623 510 esse
652 446 820 512 duxerunt.
865 445 957 521 Quod
985 450 1035 511 est
1067 449 1174 512 multo

163 534 309 619 profecto
334 533 439 619 magis
461 534 496 596 in
518 534 603 597 veris
627 533 775 617 patribus
799 534 959 618 certisque
980 534 1174 600 faciendum.

164 621 300 686 Fructus
320 621 404 685 enim
422 620 545 706 ingenii
564 625 596 685 et
614 621 746 686 virtutis
765 622 932 705 omnisque
950 623 1174 706 praestantiae

163 714 234 773 tum
262 730 431 773 maxumus
459 708 599 792 capitur,
631 731 703 773 cum
726 709 760 773 in
786 731 979 793 proxumum
1012 732 1174 796 quemque

112 846 156 912 20
165 796 337 862 confertur.

113 924 145 972 ⁷1
231 883 278 948 Ut
300 883 402 968 igitur
424 883 457 967 ii,
481 883 536 967 qui
555 886 630 947 sunt
648 883 683 946 in
698 882 858 947 amicitiae
873 883 1175 968 coniunctionisque

165 972 399 1037 necessitudine
418 971 609 1055 superiores,
628 991 805 1053 exaequare
825 992 859 1034 se
875 993 947 1035 eum
963 971 1174 1038 inferioribus

165 1060 292 1136 debent,
315 1059 361 1125 sic
384 1059 552 1123 inferiores
575 1079 641 1122 non
660 1057 768 1121 dolere
787 1079 821 1121 se
840 1081 859 1122 a
878 1059 944 1122 suis
963 1063 1021 1123 aut
1039 1059 1173 1145 ingenio

166 1151 222 1212 aut
244 1147 377 1212 fortuna
399 1150 456 1211 aut
479 1145 638 1231 dignitate
662 1145 815 1229 superari.
858 1144 1002 1220 Quorum
1024 1148 1173 1232 plerique

166 1239 223 1300 aut
246 1238 423 1319 queruntur
453 1255 578 1316 semper
606 1233 729 1315 aliquid
757 1235 814 1296 aut
841 1233 941 1297 etiam
963 1235 1174 1320 exprobrant,

165 1345 266 1406 eoque
290 1321 408 1407 magis,
436 1321 464 1385 si
486 1321 607 1385 habere
635 1342 668 1384 se
695 1324 825 1405 putant,
858 1321 944 1405 quod
971 1322 1117 1387 officiose
1141 1328 1174 1389 et

166 1413 267 1475 amice
291 1413 323 1474 et
346 1431 418 1474 cum
441 1409 552 1474 labore
572 1408 680 1491 aliquo
700 1429 757 1472 suo
776 1408 898 1473 factum
918 1414 1038 1493 queant
1058 1411 1172 1476 dicere.

166 1497 322 1562 Odiosum
346 1519 421 1561 sane
446 1517 547 1582 genus
569 1497 737 1561 hominum
760 1496 867 1561 officia
892 1498 1174 1584 exprobrantium3

167 1607 248 1669 quae
272 1584 455 1649 meminisse
479 1585 574 1649 debet
596 1584 634 1666 is,
657 1585 691 1647 in
715 1605 810 1667 quem
833 1585 963 1649 conlata
986 1590 1076 1670 sunt,
1103 1609 1172 1652 non

113 1691 146 1741 72
165 1694 426 1755 commemorare,
450 1672 504 1755 qui
527 1672 674 1736 contulit.
712 1670 816 1746 Quam
839 1673 880 1736 ob
904 1694 981 1755 rem,
1004 1678 1041 1738 ut
1059 1675 1093 1757 ii,
1116 1676 1173 1758 qui

166 1761 346 1844 superiores
371 1763 455 1839 sunt,
478 1760 680 1823 summittere
704 1780 738 1822 se
761 1760 878 1823 debent
896 1760 930 1823 in
949 1761 1103 1844 amicitia,
1126 1763 1172 1827 sio

166 1848 305 1931 quodam
323 1847 419 1912 modo
438 1847 607 1911 inferiores
627 1847 791 1910 extollere.
823 1845 905 1911 Sunt
924 1848 1010 1912 enim
1031 1849 1171 1932 quidam,

166 1935 220 2018 qui
243 1935 398 1998 molestas
423 1935 581 1999 amicitias
605 1934 740 2016 faciunt,
769 1956 841 1999 cum
863 1935 927 2018 ipsi
950 1957 984 1999 se
1007 1938 1172 2002 contemni

163 2025 295 2106 putant3
328 2021 412 2106 quod
439 2043 505 2086 non
531 2022 598 2085 fere
625 2022 787 2107 contingit
814 2022 878 2086 nisi
905 2023 959 2106 iis,
992 2024 1047 2106 qui
1071 2026 1172 2090 etiam

165 2109 416 2173 contemnendos
440 2130 474 2173 se
502 2108 719 2191 arbitrantur3
752 2111 808 2192 qui
839 2110 899 2174 hac
927 2110 1079 2194 opinione
1106 2134 1172 2177 non

112 2213 145 2263 ‘13
165 2196 260 2261 modo
283 2197 404 2280 verbis,
429 2196 484 2260 sed
507 2196 605 2260 etiam
628 2217 724 2280 opere
748 2197 876 2261 levandi
900 2202 983 2261 sunt.
1029 2199 1172 2264 Tantum

165 2289 274 2349 autem
296 2284 410 2367 cuique
432 2283 648 2368 tribuendum,
671 2284 812 2368 primum
836 2289 992 2367 quantum
1012 2286 1084 2370 ipse
1103 2288 1172 2352 effi-

165 2393 235 2436 cere
258 2371 378 2456 possis‚
402 2370 514 2435 deinde
538 2371 637 2436 etiam
660 2375 817 2454 quantum
839 2372 909 2455 ille,
933 2395 1028 2456 quem
1052 2375 1171 2460 diligas

165 2463 261 2543 atque
285 2459 425 2541 adiuves,
449 2459 617 2523 sustinere.
662 2458 738 2523 Non
761 2459 846 2523 enim
869 2483 972 2543 neque
995 2465 1032 2526 tu
1053 2464 1171 2546 possis,

165 2547 312 2630 quamvis
336 2547 485 2628 excellas,
508 2568 619 2611 omnes
638 2549 713 2611 tuos
733 2548 774 2611 ad
792 2548 930 2612 honores
950 2550 1172 2632 amplissimos

163 2635 345 2719 perducere,
368 2637 404 2698 ut
428 2631 535 2718 Scipio
558 2634 592 2698 P.
615 2634 783 2719 Rupilium
805 2636 913 2720 potuit
936 2639 1102 2703 consulem
1126 2639 1172 2704 ef-

164 2723 268 2804 ficere,
290 2722 427 2786 fratrem
446 2722 514 2786 eius
529 2721 563 2786 L.
582 2744 648 2788 non
661 2723 777 2808 potuit.
809 2723 931 2799 Quodsi
950 2726 1050 2791 etiam
1063 2728 1171 2811 possis

165 2810 291 2893 quidvis
315 2809 439 2874 deferre
462 2810 503 2874 ad
526 2811 674 2894 alterum,
696 2810 868 2875 videndum
887 2816 1074 2895 esttamen,
1095 2815 1172 2898 quid

163 2898 220 2962 ille
242 2897 347 2982 possit
371 2899 539 2962 sustinere.

111 3002 145 3053 ‘14
230 2984 368 3049 Omnino
393 2985 553 3050 amicitiae
577 2984 798 3049 conroboratis
817 2985 883 3048 iam
906 2986 1173 3073 confirmatisque

164 3076 197 3137 et
218 3073 357 3159 ingeniis
382 3078 415 3138 et
438 3073 599 3138 aetatibus
627 3071 814 3136 iudicandae
842 3076 931 3155 sunt,
959 3095 1031 3158 nec,
1064 3076 1174 3161 siqui
1203 3069 1208 3077 ’

162 3161 295 3227 ineunte
318 3165 425 3226 aetate
448 3159 586 3226 venandi
609 3163 665 3224 aut
687 3159 773 3242 pilae
798 3161 934 3225 studiosi
952 3162 1092 3247 fuerunt,
1117 3186 1173 3230 eos

162 3248 283 3312 habere
308 3248 514 3330 necessarios,
538 3251 711 3331 questum
735 3248 848 3312 eodem
872 3249 979 3314 studio
1004 3252 1173 3334 praeditos

163 3335 353 3401 dilexersmt.
385 3336 455 3400 Isto
474 3335 559 3399 enim
574 3334 669 3399 modo
688 3336 829 3400 nutrices
850 3341 882 3401 et
900 3338 1084 3425 paedagogi
1103 3341 1174 3406 iure

162 3423 337 3487 vetustatis
370 3423 546 3507 plurimum
578 3423 815 3489 benivolentiae
850 3426 1080 3511 postulabunt3
1119 3428 1175 3512 qui

162 3511 356 3597 neglegendi
379 3511 508 3593 quidem
530 3531 596 3575 non
618 3515 709 3595 sunt,
738 3512 794 3576 sed
817 3513 882 3579 alio
911 3514 1051 3598 quodam
1076 3517 1173 3580 modo
