2446 3944
472 185 713 250 —367-

90 345 132 409 ob
161 365 293 428 eamque
321 365 452 407 causam
480 343 718 427 contemplandi
746 343 893 428 diligent
883 366 948 408 ram
977 345 1096 409 amitti·

90 454 171 496 mus
202 431 234 495 lt
220 434 316 515 taque
330 431 493 512 dubitans,
510 431 789 514 circumspectans,
806 431 911 496 haesit
897 435 980 514 tans,
993 433 1097 497 multa

91 520 226 584 adversa
252 540 401 583 reverens
428 518 631 601 tamquam
622 541 656 582 m
677 519 781 582 rate
770 540 806 583 1n
836 520 919 584 mari
950 519 1096 586 inmenso

89 611 165 671 nost
166 629 202 670 ra
151 605 351 670 tvehitur
372 606 465 671 ratio.
502 604 564 670 Sed
581 606 663 670 haec
682 609 716 670 et
737 609 847 672 vetera
866 613 899 671 et
918 630 937 671 a
956 606 1096 672 Graecis.
1116 623 1149 676 ⁷4

92 692 173 758 Cato
206 697 262 758 aut
264 715 314 759 em
347 693 394 759 sic
429 693 511 757 abiit
544 715 561 757 e
592 694 641 758 vit
643 715 675 777 a,
706 697 744 758 ut
776 715 906 759 causam
937 695 1098 760 moriendi

90 786 221 845 nactum
245 802 279 845 se
302 802 372 845 esse
402 781 565 865 gauderet.
609 779 710 845 Vetat
737 783 822 845 enim
850 783 1019 846 dominans
1041 782 1097 846 illc

90 870 125 932 in
152 869 246 933 nobis
274 869 350 932 deus
377 868 503 932 iniussu
529 868 607 932 hinc
634 890 694 933 nos
718 890 776 933 suo
800 869 994 953 demigrare,
1024 890 1097 934 cum

90 979 166 1021 vero
186 978 315 1020 causam
332 957 452 1020 iustam
471 955 549 1020 deus
567 956 638 1039 ipse
656 955 792 1041 dederit,
813 959 850 1020 ut
867 960 944 1021 tunc
963 955 1097 1038 Socrati,

89 1065 174 1108 nunc
201 1042 332 1122 Catoni,
360 1065 454 1127 saepe
481 1044 605 1127 multis,
631 1065 672 1109 ne
700 1043 754 1108 ille
784 1044 908 1107 medius
930 1044 1023 1107 fidius
1046 1044 1097 1108 vir

91 1133 219 1215 sapiens
238 1132 341 1195 laetus
361 1152 399 1194 ex
417 1131 469 1194 his
492 1131 635 1195 tenebris
658 1132 693 1195 in
714 1132 819 1195 lucem
842 1131 932 1194 illam
955 1152 1096 1195 excesse-

89 1220 147 1302 rit,
170 1240 229 1283 nec
251 1222 360 1282 tamen
383 1219 440 1282 illa
458 1218 564 1283 vincla
582 1218 718 1282 carceris
740 1218 863 1302 ruperit
885 1218 987 1304 (leges
1011 1218 1097 1282 enim

89 1269 229 1389 velant),
262 1307 319 1370 sed
349 1309 517 1390 tamquam
549 1329 567 1370 a
599 1306 795 1390 magistratu
826 1309 883 1370 aut
914 1308 956 1371 ab
989 1306 1097 1390 aliqua

89 1397 252 1478 potestate
274 1395 436 1478 legitima,
464 1394 510 1457 sic
538 1416 558 1457 a
584 1394 643 1458 deo
667 1396 816 1458 evocatus
840 1397 938 1477 atque
962 1394 1097 1458 emissus

91 1482 213 1545 exierit.
257 1480 342 1545 Tota
364 1481 452 1544 enim
473 1480 743 1565 philosophorum
765 1481 847 1563 vita,
873 1486 910 1545 ut
932 1481 981 1545 ait
1003 1466 1097 1564 idem,

92 1569 319 1632 commentatio
351 1568 466 1632 mortis
498 1572 556 1633 est.
612 1568 699 1633 Nam
730 1569 806 1653 quid
838 1567 925 1632 aliud
961 1569 1147 1664 agimus„5

92 1678 164 1720 cum
192 1677 211 1718 a
237 1656 419 1755 voluptate,
444 1655 477 1719 id
504 1658 555 1720 est
581 1678 601 1720 a
630 1677 775 1738 corpore,
802 1677 873 1720 cum
899 1677 920 1718 a
941 1677 976 1719 re
1002 1656 1097 1719 fami·

92 1744 178 1824 liari,
201 1763 282 1826 quae
306 1745 355 1806 est
377 1742 527 1806 ministra
549 1747 581 1807 et
602 1743 725 1807 famula
744 1743 902 1826 corporis,
925 1765 998 1808 cum
1020 1765 1039 1807 a
1062 1764 1097 1807 re

91 1830 236 1915 publica,
277 1851 350 1893 cum
387 1852 407 1893 a
437 1831 569 1915 negotio
601 1831 690 1894 omni
728 1852 914 1895 sevocamus
945 1831 1097 1913 animum,

92 1918 182 2003 quid,
205 1917 350 2000 inquam,
371 1920 442 1980 tum
466 1918 604 2001 agimus,
627 1918 690 1982 nisi
714 1919 857 1982 animum
876 1918 916 1982 ad
938 1940 971 1983 se
990 1920 1097 2002 ipsum

92 2007 300 2086 advocamus,
323 2025 430 2068 secum
450 2026 519 2069 esse
539 2005 684 2089 cogimus
707 2007 908 2090 maximeque
926 2029 947 2070 a
964 2027 1096 2090 corpore

92 2093 302 2157 abducimus?
331 2090 500 2157 secernere
515 2096 621 2157 autem
637 2116 656 2157 a
670 2115 801 2178 corpore
817 2095 960 2158 animum
971 2095 1097 2178 ecquid·

90 2203 167 2244 nam
190 2180 279 2244 aliud
301 2185 346 2244 cst
366 2181 429 2244 uisi
448 2181 532 2243 mori
555 2181 697 2246 discere?
734 2182 838 2258 Quare
859 2182 921 2247 hoc
939 2203 1098 2246 commen-

90 2273 210 2350 temur,
231 2267 314 2331 mihi
337 2269 441 2349 crede,
464 2268 749 2353 disiungamusque
771 2291 831 2334 nos
855 2293 874 2334 a
897 2270 1098 2352 corporibus,
1192 2292 1195 2301 ’

90 2355 124 2419 id
152 2358 202 2419 est
229 2377 473 2420 consuescamus
500 2357 592 2422 mori.
641 2355 728 2438 Hoc,
756 2360 789 2420 et
819 2358 894 2420 dum
921 2358 1039 2422 erimus
1063 2357 1097 2420 in

91 2444 201 2522 terris,
227 2443 289 2507 erit
315 2443 365 2506 illi
392 2442 524 2507 caelesti
545 2444 632 2507 vitae
655 2444 774 2525 simile,
802 2447 930 2508 etcum
956 2445 1035 2508 illuc
1059 2466 1097 2508 ex

90 2529 142 2593 his
170 2530 285 2595 vinclis
313 2530 423 2594 emissi
450 2529 604 2613 feremur,
636 2531 741 2595 minus
775 2531 956 2595 tardabitur
985 2553 1096 2595 cursus

92 2618 280 2682 animorum.
324 2617 410 2682 Nam
432 2618 487 2701 qui
510 2618 545 2681 in
568 2619 775 2701 compedibus
804 2619 946 2700 corporis
971 2639 1097 2701 semper

90 2704 233 2788 fuerunt,
260 2706 358 2771 etiam
385 2726 458 2769 cum
480 2705 580 2768 soluti
603 2708 691 2787 sunt,
719 2705 843 2769 tardius
865 2705 1096 2788 ingrediuntur,

90 2795 127 2856 ut
152 2793 190 2874 ii,
225 2793 280 2876 qui
306 2792 392 2856 ferro
418 2793 521 2857 vincti
548 2794 667 2856 multos
701 2814 801 2857 annos
833 2791 971 2855 fuerunt.
1025 2790 1094 2866 Quo

90 2901 163 2944 cum
195 2881 388 2962 venerimus,
420 2884 491 2944 tum
525 2880 660 2963 denique
692 2881 844 2945 vivemus.
898 2878 986 2943 Nam
1016 2878 1096 2943 haec

1107 1539 1148 1604 31

90 2968 220 3052 quidem
251 2967 319 3032 vita
349 2989 437 3032 mors
471 2970 532 3050 est,
564 2989 661 3051 quam
692 2966 865 3032 lamentari
895 2987 1037 3050 possem,
1068 2967 1096 3030 si

88 3056 215 3120 liberet.

155 3143 195 3208 A.
223 3139 311 3208 Satis
329 3145 366 3207 tu
384 3141 513 3226 quidem
530 3142 567 3206 in
585 3139 813 3208 Consolatione
833 3161 867 3206 es
885 3141 1095 3228 lamentatus,
1115 3163 1147 3213 vs

89 3251 187 3314 quam
210 3252 284 3295 cum
306 3230 393 3314 lego,
415 3229 498 3293 nihil
521 3230 607 3296 malo
631 3252 729 3314 quam
749 3229 810 3295 has
831 3248 886 3295 rea
906 3228 1095 3315 relinquere,

88 3318 141 3381 his
164 3340 240 3383 vero
264 3318 360 3381 modo
384 3316 502 3381 auditis
524 3318 628 3383 multo
651 3317 766 3403 magis.
924 3348 1026 3389 recens.

154 3411 200 3471 M.
222 3405 339 3470 Veniet
364 3406 506 3487 tempus,
538 3408 571 3470 et
597 3405 726 3488 quidem
755 3404 806 3471 cel
843 3403 852 3420 ’
883 3404 910 3481 ζ’

87 3493 245 3558 tractabis
273 3493 340 3556 sive
367 3493 571 3576 properabis;
598 3492 687 3559 volat
708 3491 795 3559 enim
852 3562 856 3567 ,
