2446 3944
533 195 772 260 -182—

154 345 263 431 apium
287 345 434 410 examina
456 366 522 409 non
545 345 771 430 fingendorum
792 345 942 410 favorum
964 366 1062 410 causa
1084 367 1158 411 oon·

154 436 339 520 gregantur,
362 432 428 516 sed,
450 454 523 496 cum
541 432 785 519 congregabilia
796 436 914 497 nutura
933 432 1007 515 sint,
1029 433 1158 519 fingunt

152 521 255 604 favos,
278 521 323 586 sic
340 520 498 604 homines,
521 542 559 585 ac
576 522 680 586 multo
704 521 803 585 etiarn
825 520 932 606 magis
950 524 1068 585 notura
1086 543 1159 586 con-

153 608 283 695 gregati
305 608 460 673 adhibent
483 608 600 693 agendi
622 608 850 694 cogitandique
868 608 1058 693 sollertiam.
1094 609 1158 674 Ita-

153 717 223 781 que,
241 696 305 760 nisi
323 719 361 760 ea
379 696 493 779 virtus,
512 717 593 779 quae
612 699 741 761 constat
760 718 798 760 ex
815 696 1002 761 hominibus
1021 697 1158 781 tuendis,

152 784 186 848 id
213 787 263 847 est
290 805 329 848 ex
356 785 511 848 societate
541 784 668 869 generis
701 784 848 868 humani,
880 785 1024 868 attingat
1051 786 1158 869 cogni-

152 871 274 936 tionem
301 892 423 954 rerum,
455 871 604 958 solivaga
631 871 774 956 cognitio
803 875 836 935 et
867 871 974 936 ieiuna
1001 872 1158 956 videatur,

151 958 293 1042 itemque
320 959 511 1044 magnitudo
540 959 640 1024 animi
666 963 792 1024 remota
824 960 1056 1025 communitate
1086 982 1158 1025 con·

151 1047 377 1130 iunctioneque
390 1046 532 1110 humana
545 1046 657 1110 feritas
673 1047 716 1110 sit
730 1046 887 1130 quaedam
910 1050 943 1110 et
961 1047 1157 1112 immanitas.

151 1133 204 1198 Ita
221 1135 268 1218 fit,
285 1137 323 1198 ut
340 1133 450 1198 vincat
469 1134 663 1218 cognitionis
683 1134 826 1198 studium
844 1135 1041 1200 consociatio
1055 1135 1158 1200 homi-

100 1236 150 1286 158
164 1244 242 1286 nurn
262 1224 359 1305 atque
378 1221 600 1286 communitas.
636 1221 704 1287 Nec
722 1244 835 1286 verum
854 1226 912 1305 est,
936 1223 1022 1306 quod
1040 1223 1157 1287 dicitur

152 1332 172 1374 a
203 1309 409 1393 quibusdam,
440 1312 573 1393 propter
604 1309 831 1374 necessitatem
862 1309 963 1393 vitae,
995 1311 1080 1393 quod
1110 1332 1156 1393 ea,
1206 1357 1209 1360 -

151 1395 936 1569 nostrostantentur..ut
954 1397 1031 1549 {tt
1053 1400 1168 1548 tr

555 1534 564 1567 7

149 1573 245 1637 nibus
260 1571 525 1637 communitatem
540 1574 572 1635 et
587 1571 789 1654 societatem3
803 1571 918 1655 quodsi
932 1571 1040 1637 omnia
1051 1573 1156 1656 nobis,

151 1681 233 1744 quae
261 1659 302 1724 ad
328 1661 450 1724 victum
477 1660 662 1743 cultumque
693 1659 871 1743 pertinent,
903 1660 996 1743 quasi
1027 1660 1156 1746 virgula

105 1813 108 1819 ,
151 1747 269 1830 divina,
291 1750 329 1810 ut
349 1746 449 1830 aiunt,
472 1746 765 1831 suppeditarentur,
787 1751 858 1811 tum
877 1747 1001 1833 optimo
1020 1748 1155 1832 quisque

148 1834 280 1919 ingenio
307 1833 448 1918 negotiis
479 1834 628 1899 omnibus
651 1834 780 1898 omissis
803 1838 911 1899 totum
933 1856 968 1899 se
990 1836 1026 1899 in
1048 1836 1155 1922 cogni-

149 1921 238 1986 tione
271 1924 303 1984 et
335 1921 470 1985 scientia
501 1922 684 1986 collocaret.
733 1921 810 1987 Non
841 1926 891 1986 est
922 1923 983 2006 ita3
1013 1945 1090 1988 nam
1122 1927 1155 1987 et

150 2008 359 2074 solitudinem
385 2008 515 2093 fugeret
542 2012 575 2072 et
602 2009 724 2074 socium
748 2009 847 2073 studii
875 2013 1056 2093 quaereret,
1082 2014 1154 2075 turn

149 2097 262 2161 docere
275 2099 346 2159 tum
360 2095 480 2160 discere
498 2097 607 2180 vellet,
625 2101 695 2161 turn
714 2097 823 2162 audire
837 2100 907 2161 tum
922 2097 1034 2160 dicere.
1063 2097 1154 2182 Ergo

150 2205 244 2249 omne
272 2183 425 2267 officium,
458 2184 543 2267 quod
571 2184 612 2249 ad
639 2184 895 2250 coniunctionem
924 2184 1092 2248 hominum
1120 2190 1154 2249 et

150 2272 192 2336 ad
214 2271 402 2336 societatem
429 2271 583 2336 tuendam
611 2273 712 2355 valet,
740 2272 999 2356 anteponendum
1025 2276 1076 2336 est
1102 2273 1154 2338 illi

96 2398 140 2462 45
151 2358 272 2442 officio,
295 2359 381 2442 quod
403 2358 588 2444 cognitione
611 2364 644 2425 et
667 2359 801 2424 scientia
822 2359 1015 2424 continetur.

98 2475 148 2524 159
214 2446 300 2511 Illud
317 2446 458 2511 forsitan
476 2447 692 2530 quaerendum
710 2447 762 2532 sit,
784 2469 862 2511 num
880 2446 961 2513 haec
978 2449 1154 2513 communi-

148 2539 214 2618 tas,
242 2555 323 2618 quae
345 2534 483 2598 maxime
506 2538 557 2599 est
579 2539 657 2620 apta
682 2539 831 2618 naturae,
859 2535 903 2599 sit
925 2536 1025 2600 etiam
1047 2537 1154 2602 mode

148 2623 268 2688 rationi
281 2622 520 2706 modestiaeque
534 2644 661 2707 semper
674 2623 907 2708 anteponenda.
943 2622 1019 2689 Non
1031 2625 1153 2709 placet3

148 2714 224 2778 sunt
242 2710 328 2776 enim
346 2710 504 2795 quaedam
521 2710 642 2794 partim
662 2711 710 2776 ita
727 2711 831 2795 foeda,
853 2712 974 2796 partim
996 2712 1044 2776 ita
1062 2712 1153 2797 fiagi-

147 2801 246 2883 tiosa‚
277 2803 315 2863 ut
346 2820 384 2864 ea
410 2819 452 2862 ne
478 2798 715 2863 conservandae
748 2799 876 2883 quidem
903 2801 1028 2885 patriae
1056 2822 1154 2865 causa

149 2887 276 2971 sapiens
298 2885 444 2952 facturus
462 2886 513 2949 sit.
548 2885 599 2950 na
616 2885 807 2950 Posidonius
827 2888 961 2973 collegit
981 2889 1153 2973 permulta,
1205 2932 1208 2937 »

149 2973 205 3037 sed
226 2973 275 3038 ita
297 2977 403 3038 taetra
426 2973 594 3058 quaedam,
615 2973 663 3038 ita
686 2974 832 3056 obscena,
855 2979 892 3039 ut
915 2976 1003 3040 dictu
1026 2997 1153 3059 quoque

148 3060 317 3126 videantur
330 3062 448 3146 turpia.
470 3060 561 3126 Hsec
574 3061 676 3146 igitur
693 3083 758 3126 non
772 3062 925 3146 suscipiet
938 3064 986 3127 rei
1003 3063 1153 3148 publicae

148 3171 258 3232 causa,
287 3171 328 3213 ne
360 3171 411 3213 res
442 3149 574 3233 publica
605 3149 734 3233 quidem
760 3172 819 3234 pro
847 3171 881 3214 se
908 3151 1029 3236 suscipi
1055 3152 1153 3215 volet.

148 3233 210 3300 Sed
236 3236 298 3301 hoc
325 3237 524 3302 commodius
553 3258 587 3301 se
613 3259 665 3302 res
692 3236 805 3320 habet,
838 3238 923 3322 quod
949 3261 1016 3303 non
1041 3242 1153 3323 potest

149 3323 290 3387 accidere
321 3327 463 3409 tempus,
494 3329 532 3390 ut
562 3325 692 3389 intersit
723 3325 771 3389 rei
800 3326 950 3411 publicae
980 3327 1153 3410 quicquam

97 3426 148 3476 160
161 3410 291 3474 illorum
308 3410 414 3476 facere
434 3413 622 3497 sapientem.
654 3412 759 3488 Quare
777 3411 840 3478 hoo
859 3414 987 3497 quidem
1003 3415 1154 3479 effectum

54 3492 130 3703 Ἰ
147 3498 201 3585 sit,
222 3498 257 3562 in
280 3498 394 3564 officiis
418 3500 596 3586 deligendis
614 3501 647 3565 id
667 3521 767 3588 genus
788 3500 969 3567 officiorum
987 3502 1154 3588 excellere,
