2446 3944
453 188 696 254 -201-

76 347 137 411 bus
159 346 270 412 nullus
293 347 396 431 labor,
418 347 510 412 nulla
530 346 699 431 industria,
721 347 814 412 nulla
831 369 908 413 cura
926 352 986 413 est
1015 349 1079 413 Ad·
1097 368 1131 418 37

77 434 249 499 miratione
273 438 381 499 autem
404 435 596 500 adficiuntur
613 435 646 519 ii,
669 435 726 519 qui
744 435 867 500 anteire
885 437 999 501 ceteris
1017 437 1080 502 vir-

77 526 147 587 tute
174 525 332 607 putantur
350 527 382 586 et
406 544 479 587 cum
497 524 584 588 omni
602 544 712 589 carere
730 523 895 609 dedecore,
914 527 984 589 tum
1002 546 1079 590 vero

76 611 116 675 iis
148 610 251 694 vitiis,
283 610 400 694 quibus
433 610 492 675 alii
522 632 588 675 non
619 611 715 676 facile
747 615 886 696 possunt
911 612 1079 678 obsistere.

76 697 162 762 Nam
195 701 229 762 11
255 698 454 783 voluptates,
485 698 725 764 blandissumae
754 699 915 784 dominae,
946 701 1079 766 maioris

75 786 181 871 partis
204 786 330 851 animos
359 787 522 850 auirtute
549 787 743 870 detorquent
765 790 811 871 et,
835 788 984 852 dolorum
1007 811 1079 855 cum

76 875 289 939 admoventur
315 874 415 957 faces,
442 878 571 958 praeter
598 875 729 940 modum
751 875 897 959 plerique
920 879 1079 941 exterren-

75 966 142 1045 tur3
164 963 234 1027 uita
256 983 353 1046 mors,
376 962 508 1026 divitiae
530 966 706 1047 paupertas
725 984 836 1028 omnes
859 963 1006 1029 homines
1026 986 1078 1030 ve·

76 1049 319 1114 hamentissime
342 1053 540 1133 permovent.
577 1049 665 1126 Quae
685 1051 740 1133 qui
762 1050 797 1114 in
814 1054 985 1134 utramque
1007 1075 1079 1136 par-

76 1141 144 1202 tem
167 1138 294 1202 excelso
318 1138 425 1202 animo
443 1159 624 1223 magnoque
643 1138 839 1223 despiciunt,
862 1160 997 1222 cumque
1021 1140 1080 1204 ali·

76 1248 141 1309 qua
162 1225 203 1290 iis
227 1226 337 1309 ampla
360 1230 392 1289 et
410 1227 618 1291 honestaras
638 1226 765 1292 obiecta
784 1230 846 1310 est,
868 1229 957 1291 totos
981 1227 1022 1290 ad
1045 1248 1079 1292 se

76 1314 237 1378 convertit
264 1318 297 1378 et
324 1314 424 1397 rapit,
453 1318 523 1378 tum
547 1314 708 1398 quianon
730 1314 906 1378 admiretur
930 1314 1079 1399 splendo-

75 1423 144 1465 rem
167 1400 502 1486 pulchritudinemque
525 1402 680 1467 virtutis?
714 1401 805 1487 Ergo
829 1402 960 1466 ethaeo
979 1379 1132 1507 11111131
1189 1479 1192 1484 Ι

76 1488 287 1573 despicientia
305 1489 592 1554 admirabilitatem
610 1510 764 1574 magnam
781 1489 861 1554 facit
880 1493 913 1553 et
931 1511 1079 1555 maxume

76 1577 217 1661 iustitia,
241 1599 279 1641 ex
302 1600 366 1661 qua
388 1599 453 1641 una
469 1578 591 1642 virtute
608 1577 671 1642 1111
689 1577 766 1642 boni
784 1578 1000 1662 appellantur,
1022 1578 1079 1642 mi-

75 1665 167 1730 rifica
189 1665 346 1749 quaedam
369 1665 570 1729 multitudini
592 1664 728 1748 videtur,
750 1686 809 1729 nec
830 1665 962 1749 iniuria3
984 1687 1078 1730 nemo

76 1753 161 1816 enim
193 1753 298 1816 iustus
330 1775 399 1817 esse
431 1756 554 1837 potest,
587 1752 642 1836 qui
668 1755 820 1837 mortem,
848 1753 903 1836 qui
926 1753 1079 1838 dolorem,

77 1840 133 1923 qui
155 1841 299 1924 exilium,
327 1841 382 1924 qui
410 1843 589 1925 egestatem
616 1840 724 1925 timet,
752 1844 808 1905 aut
836 1841 892 1925 qui
919 1863 969 1924 ea,
997 1863 1079 1925 quae

77 1932 153 1992 sunt
179 1928 230 1992 his
258 1929 433 2012 contraria,
461 1928 618 2012 aequitati
650 1929 827 2013 anteponit.
875 1926 1078 2014 Maximeque

78 2016 280 2081 admirantur
303 2038 390 2100 eum,
418 2017 473 2099 qui
495 2016 630 2101 pecunia
656 2037 723 2081 non
744 2019 904 2099 1111111111,
934 2017 1018 2100 quod
1045 2017 1080 2081 in

77 2125 141 2187 quo
167 2104 237 2169 viro
265 2108 470 2188 perspectum
496 2105 553 2187 sit,
580 2105 666 2169 hunc
692 2104 762 2189 igni
790 2107 970 2189 spectatum
994 2105 1079 2168 arbi·

76 2195 213 2256 trantur.
250 2191 364 2275 Itaque
382 2192 441 2256 illa
459 2191 536 2276 tria,
555 2213 637 2275 quae
655 2192 824 2276 proposita
847 2196 922 2256 sunt
945 2193 986 2256 ad
1009 2192 1078 2277 glo·

76 2279 172 2361 riam,
195 2280 305 2343 omnia
326 2279 453 2343 iustitia
474 2280 616 2364 conficit,
643 2283 676 2344 et
698 2279 964 2363 benivolentiam,
992 2280 1079 2363 quod

76 2367 229 2451 prodesse
256 2367 328 2431 vult
355 2367 518 2452 plurimis,
546 2371 579 2432 et
607 2369 648 2432 ob
671 2367 806 2431 eandem
828 2389 959 2432 causam
981 2368 1078 2432 fidam

77 2458 110 2518 et
128 2455 388 2537 admirationem,
411 2454 496 2537 quod
515 2476 569 2519 eas
588 2477 640 2519 111
663 2455 787 2538 spernit
810 2458 842 2519 et
859 2455 1014 2540 neglegit,
1037 2454 1078 2520 111

77 2564 156 2625 quas
179 2543 325 2626 plerique
347 2542 540 2606 inflammati
563 2542 718 2606 aviditate
740 2543 919 2626 rapiuntur.

141 2629 190 2694 Ac
217 2652 290 2694 mea
316 2630 445 2713 quidem
473 2630 633 2694 sententia
663 2629 767 2693 omnis
794 2630 879 2694 ratio
907 2633 1004 2713 atque
1031 2630 1078 2695 11-
1096 2645 1129 2694 31

77 2717 204 2782 stitutio
231 2718 318 2782 vitae
347 2717 533 2781 adiumenta
559 2716 728 2781 hominum
755 2716 928 2799 desiderat,
956 2717 990 2780 in
1013 2718 1077 2802 pri·

77 2805 201 2888 misque
223 2809 261 2868 ut
283 2805 416 2888 habeat,
448 2806 638 2888 quibuscum
665 2805 770 2887 possit
796 2803 975 2868 familiares
1003 2824 1077 2869 oon·

75 2892 160 2957 ferre
187 2909 366 2976 sermones'3
395 2893 480 2976 quod
508 2896 557 2956 est
580 2891 724 2976 difficile,
751 2891 816 2955 nisi
837 2891 977 2974 speciem
999 2913 1077 2975 prae

75 2985 109 3044 te
130 2981 209 3045 boni
236 2981 298 3046 viri
323 2981 419 3045 feras.
464 2979 552 3064 Ergo
582 2982 680 3044 ettam
708 2979 855 3044 solitario
882 2978 1008 3042 homini
1031 2983 1077 3042 11

76 3090 137 3152 que
163 3069 199 3131 in
226 3090 306 3154 agro
333 3069 436 3133 vitam
464 3068 575 3153 agenti
597 3068 706 3152 opinio
729 3067 874 3131 iustitiae
896 3066 1077 3131 necessaria

76 3160 137 3238 est,
160 3178 261 3240 eoque
285 3156 384 3221 etiam
405 3156 524 3237 magis,
549 3155 647 3239 quod,
673 3177 745 3219 cam
768 3155 795 3219 si
817 3176 884 3219 non
901 3153 1076 3237 habebunt,

77 3244 201 3323 [iniusti
219 3244 446 3327 habebuntur,]
468 3243 567 3307 nullis
586 3243 755 3327 praesidiis
775 3242 880 3327 saepti
898 3242 1011 3306 multis
1031 3242 1077 3306 af·

75 3331 222 3396 ficientur
235 3331 372 3395 iniuriis.
407 3331 516 3414 Atque
534 3331 574 3395 iis
593 3332 705 3415 etiarn,
724 3331 779 3414 qui
796 3331 940 3395 vendunt
958 3334 1077 3415 emunt,

75 3421 258 3484 conducunt
285 3419 395 3483 locant
422 3419 711 3502 contrahendisque
742 3418 883 3503 negotiis
911 3418 1078 3502 implican-

75 3510 137 3591 tur,
164 3507 292 3571 iustitia
319 3506 359 3571 ad
386 3527 454 3570 rem
483 3506 657 3591 gerendam
687 3506 869 3571 necessaria
897 3510 959 3590 est,
987 3506 1077 3570 cuius
