2446 3944
528 183 770 248 —414-

186 341 392 407 Redde‘nda
410 344 536 406 terrae
557 345 617 406 est
634 343 751 428 te'rra,
774 347 853 407 tum
872 342 955 406 vita
977 343 1167 408 omnibus

186 429 379 512 Merenda,
402 435 443 494 ut
465 430 611 514 fruges.
658 428 720 496 sse
742 431 852 495 iubet
874 430 907 496 N
913 431 1117 498 eoe'ssitas.

89 605 124 654 oo
142 587 298 674 Negabat
320 610 422 674 genus
446 588 508 654 hoo
533 588 691 654 orationis
711 590 884 673 quicquam
904 590 1036 655 omnino
1056 591 1099 655 ad
1117 591 1165 657 le·

142 678 285 742 vandum
305 677 540 762 aegritudinem
558 678 729 762 pertinere.
766 677 803 743 Id
823 680 908 743 enim
926 679 1034 762 ipsum
1050 679 1165 744 dolen-

143 767 220 831 dum
244 788 314 830 esse
333 765 473 849 dicebat,
496 767 581 850 quod
603 767 638 830 in
660 770 729 831 tam
752 766 912 832 crudelem
930 768 1164 833 necessitatem

143 854 382 938 incidissemus3
404 877 483 919 nam
500 855 591 919 illam
615 854 745 938 quidem
764 856 943 921 orationem
962 878 1001 920 ex
1021 877 1163 922 oomme-

142 942 322 1008 moratione
355 943 535 1008 alienorum
572 944 731 1009 malorum
764 945 804 1008 ad
841 945 1011 1010 malivolos
1044 967 1162 1010 conso-

140 1032 255 1098 landos
279 1053 349 1096 esse
373 1031 659 1096 accommodatam.
705 1030 790 1096 Mihi
813 1054 890 1097 vero
913 1034 1011 1116 longe
1030 1034 1163 1099 videtur

142 1143 243 1186 secus.
295 1120 381 1186 Nam
416 1126 448 1183 et
478 1120 655 1184 necessitas
688 1120 838 1185 ferendae
870 1121 1068 1186 eondioionis
1101 1123 1161 1186 hu·

141 1231 257 1274 manas
281 1209 373 1294 quasi
403 1230 474 1273 oum
503 1208 562 1273 deo
589 1230 734 1293 pugnare
760 1210 914 1293 prohibet
941 1211 1159 1295 admonetque

141 1319 211 1362 esse
238 1297 416 1382 hominem,
450 1318 530 1380 quae
559 1298 717 1380 cogitatio
749 1319 869 1383 magno
903 1320 999 1383 opere
1030 1299 1160 1364 luotum

139 1387 241 1470 levat,
274 1390 307 1450 et
339 1384 538 1450 enumeratio
570 1386 806 1469 exemplorum,
840 1408 907 1451 non
939 1390 976 1452 ut
1009 1387 1158 1453 animum

141 1474 368 1539 malivolorum
387 1475 537 1556 oblectet,
558 1473 709 1559 adfertur,
734 1475 789 1538 sed
808 1475 929 1558 utillo,
947 1475 1003 1559 qui
1021 1483 1157 1560 maeret,

139 1561 311 1627 ferundum
330 1563 394 1627 sibi
412 1563 445 1626 id
461 1569 597 1647 censeat,
617 1563 701 1646 quod
720 1563 829 1628 videat
847 1564 969 1628 multos
989 1566 1157 1629 moderate

141 1655 174 1715 et
192 1652 369 1735 tranquille
392 1651 515 1716 tulisse.
