2446 3944
449 233 492 243 —
538 198 603 264 333
648 235 691 245 --

132 363 254 429 Existit
277 367 386 428 autem
407 363 469 428 hoc
491 365 564 430 loco
590 365 748 448 quaedam
776 365 924 448 quaestio
951 337 1122 463 subdit-¹52

64 451 171 534 ficilis,
192 473 271 515 num
294 452 421 535 quando
445 452 540 517 amici
562 452 647 536 nori,
670 452 760 538 digni
782 453 934 536 amicitia,
956 453 1071 517 veteri·

66 541 128 603 bus
152 539 218 602 sint
241 539 469 622 anteponendi,
496 542 533 604 ut
561 540 652 623 equis
678 539 797 604 vetulis
826 545 955 606 teneros
983 543 1071 604 ante·

66 647 185 710 ponere
209 627 359 691 solemus.
388 626 528 713 Indigna
546 627 676 692 homine
695 627 868 693 dubitatio!
891 626 967 693 Non
986 629 1071 693 enim

69 714 186 778 debent
209 734 279 778 esse
302 714 518 780 amicitiarum
541 715 624 780 sicut
647 715 786 780 aliarum
810 738 919 780 rerum
941 716 1071 782 satiata·

66 806 133 884 tcs3
155 802 328 866 veterrima
351 824 508 887 quaeque,
535 807 573 866 ut
596 824 634 866 ca
656 803 746 886 vina,
769 825 850 886 quae
873 808 1071 868 vetustatem

66 889 189 972 ferunt,
220 911 290 954 csse
322 890 418 955 debet
449 890 654 973 suavissima3
692 912 866 973 verumque
897 892 977 955 illud
1011 895 1070 973 est,

67 976 153 1060 quod
176 976 301 1059 dicitur,
322 979 443 1042 multos
466 978 591 1042 modios
615 978 693 1042 salis
717 978 814 1042 simul
833 979 971 1043 edendos
991 1000 1071 1061 esse,

67 1068 105 1129 ut
127 1065 288 1129 amicitiae
311 1087 427 1130 munus
451 1067 614 1150 expletum
638 1066 690 1130 sit.
721 1065 895 1130 Novitatcs
913 1070 1023 1130 autern
1042 1067 1070 1129 si
1090 1083 1123 1136 68

67 1173 159 1236 spem
182 1152 344 1236 adfersmt,
368 1157 406 1218 ut
428 1157 595 1236 tamquam
618 1153 653 1217 in
674 1153 784 1218 herbis
808 1175 874 1218 non
898 1153 1071 1218 fallacibus

66 1240 190 1304 fructus
215 1244 383 1324 appareat,
406 1262 472 1306 non
495 1244 570 1305 sunt
592 1242 669 1305 illae
693 1241 822 1325 quidem
845 1240 1071 1325 repudiandae,

66 1331 213 1392 vetustas
244 1332 355 1392 tamen
387 1350 445 1392 suo
476 1329 549 1394 loco
580 1329 812 1411 conservanda,
848 1330 990 1393 maxima
1021 1332 1071 1393 est

67 1415 154 1479 enim
176 1415 227 1479 ris
249 1416 423 1480 vetustatis
447 1420 480 1480 ct
500 1416 750 1482 consuetudinis.
787 1414 872 1490 Quin
888 1417 960 1500 ipso
980 1437 1072 1499 equo,

68 1503 157 1567 cuius
189 1503 285 1567 modo
312 1504 375 1568 feci
406 1505 616 1588 mentionem,
649 1505 677 1567 si
707 1505 800 1568 nulla
826 1525 877 1568 res
905 1503 1071 1587 impediat,
1110 1555 1116 1563 .

67 1612 161 1655 nemo
190 1594 253 1673 est,
285 1591 364 1674 quin
390 1613 442 1674 eo,
474 1613 537 1675 quo
561 1592 740 1676 consuevit,
773 1592 935 1656 libentius
959 1594 1072 1655 utatur

67 1675 165 1761 quam
188 1678 364 1743 intractato
388 1683 421 1742 et
438 1701 532 1744 nove.
566 1679 635 1744 Nec
657 1701 734 1744 vcro
761 1679 796 1742 in
822 1679 897 1763 hoc,
918 1679 1004 1762 quod
1022 1682 1072 1742 est
1121 1731 1124 1737 .

67 1766 198 1849 animal,
221 1765 278 1829 scd
299 1767 335 1829 in
356 1766 396 1829 iis
420 1767 527 1851 etiam,
551 1788 632 1851 quae
656 1771 732 1831 sunt
754 1766 912 1850 inanima,
942 1787 1071 1833 consue·

66 1854 145 1918 tudo
173 1854 273 1937 valet,
305 1875 403 1937 quom
435 1855 513 1920 locis
540 1855 620 1939 ipsis
649 1855 857 1937 delectemur,
890 1855 1071 1919 montuosis

67 1942 167 2006 etiam
199 1944 232 2004 et
263 1941 480 2027 silvestribus,
512 1943 547 2005 in
578 1942 695 2026 quibus
727 1943 858 2023 diutius
880 1943 1073 2008 commorati

67 2050 188 2093 sumus.

134 2114 196 2180 Sed
218 2116 395 2180 maximum
414 2118 516 2182 estin
534 2119 676 2183 amicitia
697 2140 810 2203 parem
829 2138 899 2183 esse
917 2117 1071 2183 inferiori.
1091 2136 1124 2185 69

68 2201 170 2287 Saepe
198 2204 283 2267 enim
310 2205 518 2271 excellentiae
551 2207 709 2290 quaedam
741 2208 830 2289 sunt,
862 2206 969 2289 qualis
1002 2210 1073 2270 erat

68 2288 226 2374 Scipionis
249 2292 283 2355 in
305 2296 432 2376 nostro,
462 2297 499 2357 ut
520 2294 569 2357 ita
591 2294 709 2377 dicam,
732 2314 839 2379 grege.
885 2291 1072 2376 Numquam

68 2400 102 2443 se
125 2379 182 2443 ille
204 2378 313 2462 Philo,
335 2402 512 2464 numquam
539 2380 684 2464 Rupilio,
710 2402 888 2463 numquam
915 2380 1072 2445 Mummio

68 2467 263 2550 anteposuit,
281 2488 458 2550 numquam
476 2468 637 2532 inferioris
657 2468 778 2532 ordinis
798 2468 919 2546 amicis,
943 2466 978 2542 Q.
995 2490 1072 2533 vero

66 2553 245 2620 Maximum
266 2554 415 2639 fratrem,
443 2556 610 2640 egregium
632 2555 737 2620 virum
760 2554 904 2637 omnino,
935 2556 998 2619 sibi
1019 2577 1072 2620 nc·

68 2664 231 2725 quaquam
253 2664 378 2726 parem,
411 2643 497 2726 quod
522 2643 551 2706 is
579 2642 725 2707 anteibat
755 2645 875 2724 aetate,
905 2645 1073 2724 tamquam

67 2730 268 2813 superiorem
291 2730 418 2794 colebat
441 2751 580 2814 suosque
604 2751 715 2794 omnes
738 2751 796 2813 per
819 2750 853 2793 se
876 2749 972 2811 posse
1002 2750 1072 2792 esse

67 2816 242 2901 ampliores
265 2818 406 2883 volebat.
440 2816 532 2893 Quod
549 2817 730 2883 faciendum
748 2816 1003 2898 imitandumque
1023 2820 1072 2879 est
1091 2833 1123 2883 7⁰

66 2905 230 2989 omnibus,
258 2908 307 2989 ut,
336 2907 364 2969 si
388 2928 485 2989 quam
507 2906 743 2990 praestantiam
770 2903 915 2985 virtutis,
941 2903 1073 2987 ingenii,

65 2992 216 3058 fortunae
239 2994 403 3058 consecuti
426 2994 504 3077 sint,
536 2994 713 3079 inpertiant
741 3014 779 3057 ea
805 2990 871 3055 suis
899 2990 1073 3055 communi·

65 3083 202 3162 ccntque
225 3102 298 3145 cum
321 3081 486 3165 proximis,
509 3086 556 3165 ut,
579 3082 607 3146 si
629 3080 818 3165 parentibus
841 3078 912 3143 nati
932 3078 998 3141 sint
1016 3077 1073 3142 hu·

65 3168 209 3250 milibus,
233 3168 261 3231 si
284 3170 483 3253 propinquos
505 3170 648 3234 habeant
670 3167 871 3234 inbecilliora
893 3166 945 3230 vel
965 3167 1072 3230 animo

65 3256 119 3319 vel
142 3255 288 3334 fortuna,
317 3278 428 3321 eorum
456 3262 596 3343 augeant
624 3278 702 3341 opes
730 3257 839 3338 cisque
862 3254 979 3318 honori
1007 3255 1074 3318 sint

65 3345 100 3406 et
123 3342 286 3428 dignitati.
330 3343 377 3409 Ut
403 3345 439 3408 in
460 3345 593 3427 fabulis,
631 3345 686 3427 qui
714 3342 912 3426 aliquamdiu
940 3348 1074 3427 propter

64 3430 305 3515 ignorationem
329 3432 441 3517 stirpis
469 3437 501 3497 et
529 3432 656 3519 generis
684 3432 719 3495 in
745 3431 905 3495 famulatu
932 3431 1073 3513 fuerunt,

64 3540 139 3583 cum
163 3520 287 3605 cogniti
311 3524 443 3585 suntet
470 3524 526 3586 aut
553 3521 686 3585 deorum
714 3524 771 3584 aut
798 3539 912 3605 regum
938 3520 999 3583 filii
1028 3521 1074 3583 in·
