2446 3944
555 217 597 228 -
644 182 796 248 332—

172 353 268 418 amiei
290 353 467 434 anteponat
491 349 570 415 suo?
607 347 711 423 Quid?
733 349 813 414 haec
835 352 873 412 ut
896 349 1056 432 omittam,
1080 370 1182 433 quam

172 461 296 526 graves,
319 461 416 522 quam
435 437 581 502 difficiles
601 437 762 521 plerisque
785 437 935 502 videntur
954 437 1181 503 calamitatum

171 528 307 593 societat
257 529 355 591 tates!
380 527 420 591 ed
443 547 524 608 quas
546 547 612 589 non
635 528 685 588 est
706 525 833 589 facile
824 529 958 590 inventu
977 525 1182 608 qui-descen

172 616 279 680 dant.
236 612 506 697 tQuamquam
527 612 653 677 Ennius
676 616 775 677 recte:

215 700 371 767 Amicus
394 698 563 767 certus'
548 722 588 764 ιιι
609 722 648 765 re
671 700 821 765 incerta
843 701 1030 784 cernitur,

156 794 281 855 >tamen
303 791 382 855 haec
401 790 464 854 duo
483 789 625 853 levitatis
645 792 678 853 et
695 788 895 853 infirmitatis
913 789 1087 872 plerosque
1105 810 1181 854 con·

171 879 312 962 vincunt,
331 881 387 943 aut
406 878 434 941 si
451 877 593 940 inbonis
611 877 707 941 rebus
727 880 938 941 contemnunt
956 881 1013 941 aut
1032 877 1066 940 in
1081 877 1180 942 malis

121 967 161 1032 18
172 966 331 1030 deserunt.
376 965 438 1041 Qui
460 965 561 1050 igitur
583 967 720 1047 utraque
743 964 778 1028 in
799 986 834 1031 re
858 985 1003 1049 gravem,
1027 969 1181 1030 constan·

172 1057 252 1137 tem,
283 1053 435 1118 stabilem
467 1074 501 1117 se
532 1052 567 1116 in
599 1051 743 1117 amicitia
772 1052 989 1136 praestiterit,
1020 1053 1107 1118 hunc
1141 1075 1180 1118 ex

170 1142 310 1207 maxime
337 1163 411 1206 raro
444 1161 559 1225 genere
586 1140 754 1204 hominum
785 1140 925 1205 indicere
958 1139 1112 1204 debemus
1146 1145 1181 1206 et

119 1229 506 1382 (lsslpaelllirilidffidntum
521 1317 630 1379 autem
639 1315 831 1380 stabrl1tat1s
847 1315 1114 1400 constantiaeque
1129 1321 1182 1382 est

129 1373 255 1489 66ιιιιι,
287 1427 384 1489 quam
414 1403 450 1468 in
481 1402 626 1467 amicitia
659 1404 856 1487 quaerimus,
887 1405 981 1487 fides,
1011 1405 1097 1469 nihil
1128 1410 1182 1471 est

172 1493 257 1557 enim
280 1492 407 1576 stabile,
430 1492 516 1575 quod
538 1490 745 1555 infidumt
695 1495 755 1555 est.
800 1489 985 1592 Simplicem
1008 1496 1182 1575 praeterea

171 1584 204 1645 et
222 1602 424 1645 communem
443 1583 476 1644 et
494 1601 612 1645 consen
613 1578 756 1662 tientem,
774 1578 807 1642 id
826 1583 876 1642 est
891 1601 946 1662 qu1
937 1580 1055 1644 rebus
1074 1581 1180 1646 isdem

137 1734 140 1739 .
172 1673 349 1753 moveatur,
372 1668 450 1754 eligi
472 1690 532 1752 par
550 1670 609 1749 est,
632 1687 714 1750 quae
733 1666 842 1730 omnia
859 1666 1024 1750 pertinent
1042 1667 1085 1732 ed
1103 1669 1180 1733 fide·

170 1757 313 1840 litatem3
342 1777 445 1839 neque
473 1754 557 1820 enim
585 1754 684 1819 fidum
711 1758 913 1838 potestesse
937 1755 1109 1839 multiplex
1131 1757 1180 1821 in·

172 1845 303 1929 genium
321 1847 354 1907 et
372 1847 564 1925 tortuosum,
581 1863 685 1924 neque
703 1864 789 1926 vero,
809 1842 863 1926 qui
876 1864 943 1907 non
958 1842 1060 1907 isdem
1079 1845 1180 1909 rebus

172 1935 320 1995 movetur
345 1935 526 2013 naturaque
554 1930 727 2014 consentit,
760 1934 817 1995 aut
847 1931 930 1995 fidus
958 1934 1014 1996 aut
1047 1933 1179 1997 stabilis

171 2021 281 2102 potest
304 2017 382 2081 essess
427 2017 618 2081 Addendum
642 2018 753 2082 eodem
777 2022 840 2102 est,
863 2023 900 2083 ut
921 2039 962 2082 ne
985 2018 1177 2085 criminibus

173 2109 229 2171 aut
251 2104 426 2169 inferendis
449 2105 625 2169 delectetur
648 2109 704 2169 aut
723 2106 833 2171 credat
851 2106 981 2189 oblatis,
1004 2129 1087 2190 quae
1108 2131 1178 2192 per·

171 2193 277 2256 tinent
300 2193 409 2257 omnia
432 2193 472 2256 ed
494 2214 579 2275 eam,
606 2214 703 2276 quam
726 2193 792 2258 iem
815 2194 934 2258 dudum
957 2198 1077 2279 tracto,
1105 2217 1179 2261 con·

171 2284 262 2345 sttan
248 2281 337 2344 tiam.
382 2280 433 2344 Ite
453 2281 492 2344 fit
515 2301 628 2345 verum
650 2281 731 2345 illud
736 2283 854 2365 ,quod
876 2282 969 2347 initio
993 2283 1072 2367 dixi,
1097 2285 1178 2349 ami-

172 2368 283 2433 eitiam
314 2368 379 2432 nisi
406 2369 491 2432 inter
522 2369 626 2432 bonos
659 2391 729 2433 esse
760 2391 826 2434 non
853 2392 957 2454 posse
1000 2370 1063 2435 Est
1048 2372 1178 2437 tenim

171 2456 250 2520 boni
272 2455 347 2539 viri,
376 2477 469 2538 quem
492 2457 628 2520 eundem
651 2457 830 2558 sapientem
854 2459 930 2523 licet
952 2458 1070 2541 dicere,
1097 2458 1178 2525 haec

173 2544 235 2608 duo
261 2543 407 2608 tenere
398 2565 433 2607 ιιι
464 2544 619 2609 amicitia:
650 2546 791 2629 primum
821 2567 862 2609 ne
890 2545 967 2629 quid
993 2545 1049 2610 fict
1034 2549 1107 2610 tum
1135 2547 1180 2611 sit

171 2653 251 2697 neve
271 2632 471 2714 simulatum3
492 2636 603 2716 aperte
622 2633 707 2697 enim
725 2634 777 2698 vel
796 2632 902 2698 odisse
921 2634 1026 2719 magis
1045 2634 1179 2718 ingenui

172 2723 223 2784 est
255 2741 352 2802 quam
382 2719 490 2783 fronte
527 2721 687 2785 occultare
725 2742 780 2784 sen
782 2720 933 2805 tentiam3
969 2721 1082 2786 deinde
1112 2744 1179 2787 non

172 2807 278 2871 solum
302 2808 343 2871 ab
367 2807 476 2890 aliquo
505 2807 624 2872 allatas
652 2808 892 2874 criminationes
920 2771 1090 2894 iepellere,
1122 2810 1179 2875 sed

170 2915 212 2957 ne
244 2894 352 2993 ipsum
384 2895 512 2977 quidem
545 2916 615 2960 esse
646 2896 860 2980 suspiciosum
892 2918 1018 2980 semper
1054 2897 1179 2981 aliquid

119 2995 153 3045 se
173 2980 412 3052 existimantem
439 2982 481 3046 ab
509 2983 613 3048 amico
641 3005 710 3048 esse
737 2984 905 3049 violatum.
950 2984 1092 3049 Accedat
1078 2984 1180 3051 thuc

172 3069 316 3133 suavitas
349 3069 529 3151 quaedam
540 3075 668 3155 oportet
700 3093 886 3136 sermonum
914 3076 1018 3223 atque
1040 3094 1180 3157 morum,

170 3156 421 3256 haudquaquam
443 3156 604 3223 mediocre
630 3160 814 3224 condiment
800 3163 870 3224 tum
898 3160 1068 3225 amicitiae.
1110 3160 1181 3226 Tri·

172 3243 264 3308 stitia
291 3248 400 3309 autem
427 3245 496 3309 et
487 3267 522 3310 m
550 3246 637 3311 omni
663 3268 698 3310 re
724 3247 842 3312 severit
843 3270 879 3312 as
828 3247 1004 3312 thebet
1024 3247 1087 3313 illa
1108 3249 1181 3334 qui-

172 3329 244 3394 dem
268 3332 396 3414 gravita
377 3335 477 3416 atem,
500 3333 558 3397 sed
580 3333 722 3399 amicitie
744 3335 910 3401 remissior
933 3357 1003 3400 esse
1026 3336 1125 3402 debet
1148 3342 1182 3403 et

170 3417 305 3482 liberior
319 3423 352 3482 et
367 3420 490 3484 dulciru
508 3421 602 3485 etad
620 3443 747 3487 omnem
766 3424 952 3490 comitatem
970 3423 1183 3491 facilitatem·

172 3525 233 3589 que
256 3505 441 3590 proclivior.
