<?xml version="1.0" encoding="UTF-8"?>
<!DOCTYPE html PUBLIC "-//W3C//DTD XHTML 1.0 Transitional//EN"
    "http://www.w3.org/TR/xhtml1/DTD/xhtml1-transitional.dtd">
<html xmlns="http://www.w3.org/1999/xhtml" xml:lang="en" lang="en">
 <head>
  <title>
</title>
<meta http-equiv="Content-Type" content="text/html;charset=utf-8" />
  <meta name='ocr-system' content='tesseract 3.04.00' />
  <meta name='ocr-capabilities' content='ocr_page ocr_carea ocr_par ocr_line ocrx_word'/>
</head>
<body>
  <div class='ocr_page' id='page_1' title='image "./cicerosphilosop00cicegoog_0431.png"; bbox 0 0 2446 3944; ppageno 0'>
   <div class='ocr_carea' id='block_1_1' title="bbox 438 635 745 736">
    <p class='ocr_par' dir='ltr' id='par_1_1' title="bbox 438 635 745 736">
     <span class='ocr_line' id='line_1_1' title="bbox 438 635 745 736; baseline -0.023 -21"><span class='ocrx_word' id='word_1_1' title='bbox 438 635 605 715; x_wconf 57' lang='lat' dir='ltr'>tientes</span> <span class='ocrx_word' id='word_1_2' title='bbox 633 635 745 736; x_wconf 63' lang='lat' dir='ltr'>titud.</span> 
     </span>
    </p>
   </div>
   <div class='ocr_carea' id='block_1_2' title="bbox 247 820 932 1020">
    <p class='ocr_par' dir='ltr' id='par_1_2' title="bbox 247 820 932 1020">
     <span class='ocr_line' id='line_1_2' title="bbox 247 820 932 891; baseline 0.001 -14"><span class='ocrx_word' id='word_1_3' title='bbox 247 823 296 877; x_wconf 88' lang='lat' dir='ltr'>De</span> <span class='ocrx_word' id='word_1_4' title='bbox 319 820 460 891; x_wconf 83' lang='lat' dir='ltr'>reliquis</span> <span class='ocrx_word' id='word_1_5' title='bbox 483 821 586 876; x_wconf 83' lang='lat' dir='ltr'>animi</span> <span class='ocrx_word' id='word_1_6' title='bbox 608 820 932 891; x_wconf 83' lang='lat' dir='ltr'>perturbationibus.</span> 
     </span>
     <span class='ocr_line' id='line_1_3' title="bbox 449 941 728 1020; baseline 0.007 -20"><span class='ocrx_word' id='word_1_7' title='bbox 449 943 497 1020; x_wconf 79' lang='lat'>17,</span> <span class='ocrx_word' id='word_1_8' title='bbox 518 941 657 1019; x_wconf 80' lang='lat'>38-20,</span> <span class='ocrx_word' id='word_1_9' title='bbox 677 943 728 1002; x_wconf 84' lang='grc'>46.</span> 
     </span>
    </p>
   </div>
   <div class='ocr_carea' id='block_1_3' title="bbox 82 1057 1097 1231">
    <p class='ocr_par' dir='ltr' id='par_1_3' title="bbox 82 1057 1097 1231">
     <span class='ocr_line' id='line_1_4' title="bbox 149 1057 1097 1142; baseline 0 -16"><span class='ocrx_word' id='word_1_10' title='bbox 149 1057 197 1134; x_wconf 65' lang='lat'>811</span> <span class='ocrx_word' id='word_1_11' title='bbox 211 1061 273 1126; x_wconf 82' lang='lat' dir='ltr'>bem</span> <span class='ocrx_word' id='word_1_12' title='bbox 286 1061 439 1142; x_wconf 71' lang='lat' dir='ltr'>totpeobeo</span> <span class='ocrx_word' id='word_1_13' title='bbox 449 1059 608 1141; x_wconf 68' lang='lat' dir='ltr'>dhtdnitte</span> <span class='ocrx_word' id='word_1_14' title='bbox 622 1059 695 1126; x_wconf 77' lang='lat' dir='ltr'>mich</span> <span class='ocrx_word' id='word_1_15' title='bbox 710 1061 754 1126; x_wconf 79' lang='lat' dir='ltr'>bie</span> <span class='ocrx_word' id='word_1_16' title='bbox 763 1060 850 1141; x_wconf 63' lang='lat' dir='ltr'>§tetre</span> <span class='ocrx_word' id='word_1_17' title='bbox 866 1061 916 1125; x_wconf 71' lang='lat' dir='ltr'>bes</span> <span class='ocrx_word' id='word_1_18' title='bbox 927 1060 1097 1141; x_wconf 68' lang='lat' dir='ltr'>drittotctee</span> 
     </span>
     <span class='ocr_line' id='line_1_5' title="bbox 82 1148 1097 1231; baseline 0.001 -17"><span class='ocrx_word' id='word_1_19' title='bbox 82 1149 228 1231; x_wconf 73' lang='lat' dir='ltr'>hetdmptt,</span> <span class='ocrx_word' id='word_1_20' title='bbox 247 1151 296 1214; x_wconf 81' lang='lat' dir='ltr'>ter</span> <span class='ocrx_word' id='word_1_21' title='bbox 315 1149 360 1215; x_wconf 77' lang='lat' dir='ltr'>bie</span> <span class='ocrx_word' id='word_1_22' title='bbox 374 1149 599 1230; x_wconf 59' lang='lat' dir='ltr'>§attentantur</span> <span class='ocrx_word' id='word_1_23' title='bbox 616 1150 665 1214; x_wconf 68' lang='lat' dir='ltr'>ala</span> <span class='ocrx_word' id='word_1_24' title='bbox 683 1148 859 1230; x_wconf 67' lang='lat' dir='ltr'>aaronica</span> <span class='ocrx_word' id='word_1_25' title='bbox 877 1149 1047 1231; x_wconf 68' lang='lat' dir='ltr'>Uttptunqe</span> <span class='ocrx_word' id='word_1_26' title='bbox 1065 1149 1097 1215; x_wconf 80' lang='lat' dir='ltr'>io</span> 
     </span>
    </p>
   </div>
   <div class='ocr_carea' id='block_1_4' title="bbox 82 1236 1098 1408">
    <p class='ocr_par' dir='ltr' id='par_1_4' title="bbox 82 1236 1098 1408">
     <span class='ocr_line' id='line_1_6' title="bbox 83 1236 1098 1321; baseline -0.002 -17"><span class='ocrx_word' id='word_1_27' title='bbox 83 1237 181 1320; x_wconf 57' lang='lat' dir='ltr'>&amp;dut</span> <span class='ocrx_word' id='word_1_28' title='bbox 200 1239 288 1319; x_wconf 70' lang='lat' dir='ltr'>natm</span> <span class='ocrx_word' id='word_1_29' title='bbox 306 1239 365 1303; x_wconf 77' lang='lat' dir='ltr'>aab</span> <span class='ocrx_word' id='word_1_30' title='bbox 381 1238 417 1317; x_wconf 73' lang='lat' dir='ltr'>tte</span> <span class='ocrx_word' id='word_1_31' title='bbox 434 1237 507 1319; x_wconf 63' lang='lat' dir='ltr'>nicht</span> <span class='ocrx_word' id='word_1_32' title='bbox 525 1237 847 1321; x_wconf 58' lang='lat' dir='ltr'>desperacionem</span> <span class='ocrx_word' id='word_1_33' title='bbox 862 1239 985 1318; x_wconf 68' lang='lat' dir='ltr'>oereqelt</span> <span class='ocrx_word' id='word_1_34' title='bbox 1001 1236 1098 1317; x_wconf 72' lang='lat' dir='ltr'>mitten</span> 
     </span>
     <span class='ocr_line' id='line_1_7' title="bbox 82 1325 420 1408; baseline -0.009 -16"><span class='ocrx_word' id='word_1_35' title='bbox 82 1329 178 1392; x_wconf 73' lang='lat' dir='ltr'>mette</span> <span class='ocrx_word' id='word_1_36' title='bbox 201 1325 234 1407; x_wconf 68' lang='lat' dir='ltr'>(t.</span> <span class='ocrx_word' id='word_1_37' title='bbox 254 1326 332 1392; x_wconf 72' lang='lat' dir='ltr'>einr.</span> <span class='ocrx_word' id='word_1_38' title='bbox 353 1327 420 1408; x_wconf 82' lang='lat'>51).</span> 
     </span>
    </p>
   </div>
   <div class='ocr_carea' id='block_1_5' title="bbox 82 1517 1151 3458">
    <p class='ocr_par' dir='ltr' id='par_1_5' title="bbox 82 1517 1151 3458">
     <span class='ocr_line' id='line_1_8' title="bbox 152 1517 1097 1603; baseline 0 -21"><span class='ocrx_word' id='word_1_39' title='bbox 152 1517 310 1594; x_wconf 80' lang='lat' dir='ltr'>Quocirca</span> <span class='ocrx_word' id='word_1_40' title='bbox 332 1518 440 1582; x_wconf 90' lang='lat' dir='ltr'>mollis</span> <span class='ocrx_word' id='word_1_41' title='bbox 464 1523 497 1583; x_wconf 89' lang='lat' dir='ltr'>et·</span> <span class='ocrx_word' id='word_1_42' title='bbox 516 1522 670 1584; x_wconf 84' lang='lat' dir='ltr'>enervata</span> <span class='ocrx_word' id='word_1_43' title='bbox 692 1519 838 1603; x_wconf 88' lang='lat' dir='ltr'>putanda</span> <span class='ocrx_word' id='word_1_44' title='bbox 861 1521 911 1583; x_wconf 89' lang='lat' dir='ltr'>est</span> <span class='ocrx_word' id='word_1_45' title='bbox 933 1518 1097 1602; x_wconf 87' lang='lat' dir='ltr'>Peripate·</span> 
     </span>
     <span class='ocr_line' id='line_1_9' title="bbox 83 1605 1098 1691; baseline 0 -22"><span class='ocrx_word' id='word_1_46' title='bbox 83 1605 222 1670; x_wconf 89' lang='lat' dir='ltr'>ticorum</span> <span class='ocrx_word' id='word_1_47' title='bbox 245 1606 329 1670; x_wconf 90' lang='lat' dir='ltr'>ratio</span> <span class='ocrx_word' id='word_1_48' title='bbox 349 1610 382 1670; x_wconf 89' lang='lat' dir='ltr'>et</span> <span class='ocrx_word' id='word_1_49' title='bbox 401 1607 514 1690; x_wconf 88' lang='lat' dir='ltr'>oratio,</span> <span class='ocrx_word' id='word_1_50' title='bbox 538 1607 592 1691; x_wconf 87' lang='lat' dir='ltr'>qui</span> <span class='ocrx_word' id='word_1_51' title='bbox 611 1608 794 1690; x_wconf 87' lang='lat' dir='ltr'>perturbari</span> <span class='ocrx_word' id='word_1_52' title='bbox 818 1609 944 1672; x_wconf 89' lang='lat' dir='ltr'>animos</span> <span class='ocrx_word' id='word_1_53' title='bbox 967 1628 1098 1672; x_wconf 89' lang='lat' dir='ltr'>necesse</span> 
     </span>
     <span class='ocr_line' id='line_1_10' title="bbox 83 1694 1098 1779; baseline 0 -21"><span class='ocrx_word' id='word_1_54' title='bbox 83 1695 195 1759; x_wconf 89' lang='lat' dir='ltr'>dicunt</span> <span class='ocrx_word' id='word_1_55' title='bbox 214 1715 293 1777; x_wconf 90' lang='lat' dir='ltr'>esse,</span> <span class='ocrx_word' id='word_1_56' title='bbox 313 1695 367 1758; x_wconf 91' lang='lat' dir='ltr'>sed</span> <span class='ocrx_word' id='word_1_57' title='bbox 388 1694 542 1760; x_wconf 88' lang='lat' dir='ltr'>adhibent</span> <span class='ocrx_word' id='word_1_58' title='bbox 561 1696 692 1760; x_wconf 92' lang='lat' dir='ltr'>modum</span> <span class='ocrx_word' id='word_1_59' title='bbox 712 1695 880 1779; x_wconf 84' lang='lat' dir='ltr'><strong>quendam,</strong></span> <span class='ocrx_word' id='word_1_60' title='bbox 900 1716 996 1778; x_wconf 90' lang='lat' dir='ltr'>quem</span> <span class='ocrx_word' id='word_1_61' title='bbox 1012 1695 1098 1759; x_wconf 87' lang='lat' dir='ltr'>ultra</span> 
     </span>
     <span class='ocr_line' id='line_1_11' title="bbox 83 1782 1150 1867; baseline 0.004 -21"><span class='ocrx_word' id='word_1_62' title='bbox 83 1782 235 1867; x_wconf 84' lang='lat' dir='ltr'>progredi</span> <span class='ocrx_word' id='word_1_63' title='bbox 258 1804 326 1848; x_wconf 92' lang='lat' dir='ltr'>non</span> <span class='ocrx_word' id='word_1_64' title='bbox 349 1786 508 1867; x_wconf 87' lang='lat' dir='ltr'>oporteat.</span> <span class='ocrx_word' id='word_1_65' title='bbox 552 1782 685 1848; x_wconf 91' lang='lat' dir='ltr'>Modum</span> <span class='ocrx_word' id='word_1_66' title='bbox 708 1788 745 1848; x_wconf 84' lang='lat' dir='ltr'>tu</span> <span class='ocrx_word' id='word_1_67' title='bbox 773 1783 907 1847; x_wconf 82' lang='lat' dir='ltr'><strong>adhibes</strong></span> <span class='ocrx_word' id='word_1_68' title='bbox 929 1783 1032 1848; x_wconf 78' lang='lat' dir='ltr'>vitio?</span> <span class='ocrx_word' id='word_1_69' title='bbox 1056 1805 1097 1847; x_wconf 89' lang='lat' dir='ltr'>an</span> <span class='ocrx_word' id='word_1_70' title='bbox 1116 1801 1150 1850; x_wconf 82' lang='lat'>39</span> 
     </span>
     <span class='ocr_line' id='line_1_12' title="bbox 84 1871 1096 1973; baseline 0 -38"><span class='ocrx_word' id='word_1_71' title='bbox 84 1871 200 1935; x_wconf 88' lang='lat' dir='ltr'>vitium</span> <span class='ocrx_word' id='word_1_72' title='bbox 219 1871 344 1935; x_wconf 89' lang='lat' dir='ltr'>nullum</span> <span class='ocrx_word' id='word_1_73' title='bbox 363 1875 495 1936; x_wconf 89' lang='lat' dir='ltr'>estnon</span> <span class='ocrx_word' id='word_1_74' title='bbox 513 1893 626 1956; x_wconf 90' lang='lat' dir='ltr'>parere</span> <span class='ocrx_word' id='word_1_75' title='bbox 640 1871 781 1936; x_wconf 78' lang='lat' dir='ltr'>rationi?</span> <span class='ocrx_word' id='word_1_76' title='bbox 818 1894 860 1935; x_wconf 91' lang='lat' dir='ltr'>an</span> <span class='ocrx_word' id='word_1_77' title='bbox 879 1872 964 1936; x_wconf 89' lang='lat' dir='ltr'>ratio</span> <span class='ocrx_word' id='word_1_78' title='bbox 982 1894 1096 1973; x_wconf 81' lang='lat' dir='ltr'>parum</span> 
     </span>
     <span class='ocr_line' id='line_1_13' title="bbox 83 1959 1098 2045; baseline 0.001 -22"><span class='ocrx_word' id='word_1_79' title='bbox 83 1959 243 2042; x_wconf 72' lang='lat' dir='ltr'>praecipit</span> <span class='ocrx_word' id='word_1_80' title='bbox 277 1981 337 2024; x_wconf 91' lang='lat' dir='ltr'>neo</span> <span class='ocrx_word' id='word_1_81' title='bbox 373 1960 496 2025; x_wconf 91' lang='lat' dir='ltr'>bonum</span> <span class='ocrx_word' id='word_1_82' title='bbox 527 1961 609 2025; x_wconf 90' lang='lat' dir='ltr'>illud</span> <span class='ocrx_word' id='word_1_83' title='bbox 647 1983 734 2044; x_wconf 89' lang='lat' dir='ltr'>esse,</span> <span class='ocrx_word' id='word_1_84' title='bbox 771 1961 857 2045; x_wconf 90' lang='lat' dir='ltr'>quod</span> <span class='ocrx_word' id='word_1_85' title='bbox 894 1964 951 2024; x_wconf 88' lang='lat' dir='ltr'>aut</span> <span class='ocrx_word' id='word_1_86' title='bbox 986 1961 1098 2044; x_wconf 88' lang='lat' dir='ltr'>cupias</span> 
     </span>
     <span class='ocr_line' id='line_1_14' title="bbox 83 2047 1097 2133; baseline 0 -20"><span class='ocrx_word' id='word_1_87' title='bbox 83 2049 198 2113; x_wconf 86' lang='lat' dir='ltr'>ardent</span> <span class='ocrx_word' id='word_1_88' title='bbox 184 2052 234 2111; x_wconf 86' lang='lat' dir='ltr'>ter</span> <span class='ocrx_word' id='word_1_89' title='bbox 258 2053 314 2113; x_wconf 88' lang='lat' dir='ltr'>aut</span> <span class='ocrx_word' id='word_1_90' title='bbox 337 2047 473 2133; x_wconf 86' lang='lat' dir='ltr'>adeptus</span> <span class='ocrx_word' id='word_1_91' title='bbox 497 2049 619 2114; x_wconf 88' lang='lat' dir='ltr'>ecferas</span> <span class='ocrx_word' id='word_1_92' title='bbox 642 2053 675 2113; x_wconf 91' lang='lat' dir='ltr'>te</span> <span class='ocrx_word' id='word_1_93' title='bbox 698 2050 888 2131; x_wconf 87' lang='lat' dir='ltr'>insolenter,</span> <span class='ocrx_word' id='word_1_94' title='bbox 917 2070 976 2113; x_wconf 90' lang='lat' dir='ltr'>neo</span> <span class='ocrx_word' id='word_1_95' title='bbox 1000 2071 1097 2132; x_wconf 92' lang='lat' dir='ltr'>porro</span> 
     </span>
     <span class='ocr_line' id='line_1_15' title="bbox 82 2137 1098 2238; baseline 0 -38"><span class='ocrx_word' id='word_1_96' title='bbox 82 2137 218 2219; x_wconf 88' lang='lat' dir='ltr'>malum,</span> <span class='ocrx_word' id='word_1_97' title='bbox 239 2157 310 2238; x_wconf 33' lang='lat' dir='ltr'>,quo</span> <span class='ocrx_word' id='word_1_98' title='bbox 334 2142 391 2202; x_wconf 89' lang='lat' dir='ltr'>aut</span> <span class='ocrx_word' id='word_1_99' title='bbox 414 2159 588 2221; x_wconf 89' lang='lat' dir='ltr'>oppressus</span> <span class='ocrx_word' id='word_1_100' title='bbox 611 2138 717 2202; x_wconf 87' lang='lat' dir='ltr'>iaceas</span> <span class='ocrx_word' id='word_1_101' title='bbox 747 2143 815 2220; x_wconf 88' lang='lat' dir='ltr'>aut,</span> <span class='ocrx_word' id='word_1_102' title='bbox 841 2160 882 2201; x_wconf 92' lang='lat' dir='ltr'>ne</span> <span class='ocrx_word' id='word_1_103' title='bbox 906 2137 1098 2221; x_wconf 75' lang='lat' dir='ltr'>opprimam,</span> 
     </span>
     <span class='ocr_line' id='line_1_16' title="bbox 82 2188 1097 2310; baseline 0.001 -21"><span class='ocrx_word' id='word_1_104' title='bbox 82 2229 191 2289; x_wconf 88' lang='lat' dir='ltr'>mente</span> <span class='ocrx_word' id='word_1_105' title='bbox 214 2225 268 2288; x_wconf 88' lang='lat' dir='ltr'>vix</span> <span class='ocrx_word' id='word_1_106' title='bbox 287 2229 381 2290; x_wconf 86' lang='lat' dir='ltr'>const</span> <span class='ocrx_word' id='word_1_107' title='bbox 367 2225 440 2290; x_wconf 78' lang='lat' dir='ltr'>tes?</span> <span class='ocrx_word' id='word_1_108' title='bbox 463 2247 564 2310; x_wconf 88' lang='lat' dir='ltr'>eaque</span> <span class='ocrx_word' id='word_1_109' title='bbox 584 2227 693 2291; x_wconf 89' lang='lat' dir='ltr'>omnia</span> <span class='ocrx_word' id='word_1_110' title='bbox 712 2232 769 2291; x_wconf 87' lang='lat' dir='ltr'>aut</span> <span class='ocrx_word' id='word_1_111' title='bbox 790 2188 888 2289; x_wconf 85' lang='lat' dir='ltr'>nimis</span> <span class='ocrx_word' id='word_1_112' title='bbox 912 2226 1021 2290; x_wconf 87' lang='lat' dir='ltr'>tristia</span> <span class='ocrx_word' id='word_1_113' title='bbox 1041 2231 1097 2290; x_wconf 89' lang='lat' dir='ltr'>aut</span> 
     </span>
     <span class='ocr_line' id='line_1_17' title="bbox 82 2313 1099 2399; baseline 0 -23"><span class='ocrx_word' id='word_1_114' title='bbox 82 2313 181 2376; x_wconf 87' lang='lat' dir='ltr'>nimis</span> <span class='ocrx_word' id='word_1_115' title='bbox 204 2314 290 2377; x_wconf 88' lang='lat' dir='ltr'>laeta</span> <span class='ocrx_word' id='word_1_116' title='bbox 319 2335 426 2378; x_wconf 90' lang='lat' dir='ltr'>errore</span> <span class='ocrx_word' id='word_1_117' title='bbox 454 2315 538 2399; x_wconf 90' lang='lat' dir='ltr'>fieri,</span> <span class='ocrx_word' id='word_1_118' title='bbox 568 2315 623 2397; x_wconf 92' lang='lat' dir='ltr'>qui</span> <span class='ocrx_word' id='word_1_119' title='bbox 652 2336 741 2379; x_wconf 90' lang='lat' dir='ltr'>error</span> <span class='ocrx_word' id='word_1_120' title='bbox 769 2314 880 2377; x_wconf 87' lang='lat' dir='ltr'>stultis</span> <span class='ocrx_word' id='word_1_121' title='bbox 908 2316 1099 2378; x_wconf 67' lang='lat' dir='ltr'>extenuetur</span> 
     </span>
     <span class='ocr_line' id='line_1_18' title="bbox 84 2401 1096 2487; baseline 0.001 -22"><span class='ocrx_word' id='word_1_122' title='bbox 84 2401 144 2485; x_wconf 89' lang='lat' dir='ltr'>die,</span> <span class='ocrx_word' id='word_1_123' title='bbox 166 2405 215 2484; x_wconf 90' lang='lat' dir='ltr'>ut,</span> <span class='ocrx_word' id='word_1_124' title='bbox 246 2423 318 2465; x_wconf 92' lang='lat' dir='ltr'>cum</span> <span class='ocrx_word' id='word_1_125' title='bbox 342 2424 393 2466; x_wconf 90' lang='lat' dir='ltr'>res</span> <span class='ocrx_word' id='word_1_126' title='bbox 417 2403 529 2466; x_wconf 88' lang='lat' dir='ltr'>eadem</span> <span class='ocrx_word' id='word_1_127' title='bbox 553 2407 696 2487; x_wconf 88' lang='lat' dir='ltr'>maneat,</span> <span class='ocrx_word' id='word_1_128' title='bbox 724 2402 818 2466; x_wconf 87' lang='lat' dir='ltr'>aliter</span> <span class='ocrx_word' id='word_1_129' title='bbox 844 2401 953 2466; x_wconf 88' lang='lat' dir='ltr'>ferant</span> <span class='ocrx_word' id='word_1_130' title='bbox 975 2403 1096 2466; x_wconf 88' lang='lat' dir='ltr'>invete-</span> 
     </span>
     <span class='ocr_line' id='line_1_19' title="bbox 83 2489 1098 2574; baseline 0 -22"><span class='ocrx_word' id='word_1_131' title='bbox 83 2494 171 2570; x_wconf 87' lang='lat' dir='ltr'>rata,</span> <span class='ocrx_word' id='word_1_132' title='bbox 204 2489 299 2553; x_wconf 89' lang='lat' dir='ltr'>aliter</span> <span class='ocrx_word' id='word_1_133' title='bbox 330 2491 490 2573; x_wconf 84' lang='lat' dir='ltr'>recentia,</span> <span class='ocrx_word' id='word_1_134' title='bbox 526 2489 683 2574; x_wconf 88' lang='lat' dir='ltr'>sapientis</span> <span class='ocrx_word' id='word_1_135' title='bbox 716 2511 756 2554; x_wconf 93' lang='lat' dir='ltr'>ne</span> <span class='ocrx_word' id='word_1_136' title='bbox 790 2490 932 2573; x_wconf 82' lang='lat' dir='ltr'>attingat</span> <span class='ocrx_word' id='word_1_137' title='bbox 968 2490 1098 2572; x_wconf 88' lang='lat' dir='ltr'>quidem</span> 
     </span>
     <span class='ocr_line' id='line_1_20' title="bbox 85 2576 1151 2662; baseline -0.002 -20"><span class='ocrx_word' id='word_1_138' title='bbox 85 2577 238 2642; x_wconf 83' lang='lat' dir='ltr'>omnino?</span> <span class='ocrx_word' id='word_1_139' title='bbox 261 2578 391 2642; x_wconf 81' lang='lat' dir='ltr'>Etenim</span> <span class='ocrx_word' id='word_1_140' title='bbox 416 2579 488 2662; x_wconf 93' lang='lat' dir='ltr'>quis</span> <span class='ocrx_word' id='word_1_141' title='bbox 512 2578 574 2642; x_wconf 89' lang='lat' dir='ltr'>erit</span> <span class='ocrx_word' id='word_1_142' title='bbox 597 2578 728 2642; x_wconf 88' lang='lat' dir='ltr'>tandem</span> <span class='ocrx_word' id='word_1_143' title='bbox 752 2578 866 2642; x_wconf 90' lang='lat' dir='ltr'>modus</span> <span class='ocrx_word' id='word_1_144' title='bbox 889 2576 973 2641; x_wconf 81' lang='lat' dir='ltr'>iste?</span> <span class='ocrx_word' id='word_1_145' title='bbox 1002 2597 1097 2660; x_wconf 90' lang='lat' dir='ltr'>quae·</span> <span class='ocrx_word' id='word_1_146' title='bbox 1116 2576 1151 2626; x_wconf 88' lang='lat'>40</span> 
     </span>
     <span class='ocr_line' id='line_1_21' title="bbox 84 2664 1099 2751; baseline -0.003 -21"><span class='ocrx_word' id='word_1_147' title='bbox 84 2688 194 2730; x_wconf 86' lang='lat' dir='ltr'>ramus</span> <span class='ocrx_word' id='word_1_148' title='bbox 218 2665 304 2729; x_wconf 88' lang='lat' dir='ltr'>enim</span> <span class='ocrx_word' id='word_1_149' title='bbox 324 2666 456 2731; x_wconf 89' lang='lat' dir='ltr'>modum</span> <span class='ocrx_word' id='word_1_150' title='bbox 475 2666 698 2751; x_wconf 84' lang='lat' dir='ltr'>aegritudinis,</span> <span class='ocrx_word' id='word_1_151' title='bbox 721 2667 755 2729; x_wconf 91' lang='lat' dir='ltr'>in</span> <span class='ocrx_word' id='word_1_152' title='bbox 777 2687 842 2749; x_wconf 88' lang='lat' dir='ltr'>qua</span> <span class='ocrx_word' id='word_1_153' title='bbox 861 2685 976 2749; x_wconf 89' lang='lat' dir='ltr'>operae</span> <span class='ocrx_word' id='word_1_154' title='bbox 999 2664 1099 2747; x_wconf 91' lang='lat' dir='ltr'>pluri·</span> 
     </span>
     <span class='ocr_line' id='line_1_22' title="bbox 84 2753 1097 2839; baseline -0.003 -21"><span class='ocrx_word' id='word_1_155' title='bbox 84 2777 173 2818; x_wconf 91' lang='lat' dir='ltr'>mum</span> <span class='ocrx_word' id='word_1_156' title='bbox 200 2754 340 2837; x_wconf 86' lang='lat' dir='ltr'>ponitur.</span> <span class='ocrx_word' id='word_1_157' title='bbox 386 2754 494 2839; x_wconf 78' lang='lat' dir='ltr'>Aegre</span> <span class='ocrx_word' id='word_1_158' title='bbox 523 2754 638 2818; x_wconf 88' lang='lat' dir='ltr'>tulisse</span> <span class='ocrx_word' id='word_1_159' title='bbox 660 2754 695 2818; x_wconf 94' lang='lat' dir='ltr'>P.</span> <span class='ocrx_word' id='word_1_160' title='bbox 718 2753 886 2836; x_wconf 89' lang='lat' dir='ltr'>Rupilium</span> <span class='ocrx_word' id='word_1_161' title='bbox 913 2753 1026 2817; x_wconf 88' lang='lat' dir='ltr'>fratris</span> <span class='ocrx_word' id='word_1_162' title='bbox 1050 2775 1097 2816; x_wconf 91' lang='lat' dir='ltr'>re·</span> 
     </span>
     <span class='ocr_line' id='line_1_23' title="bbox 83 2839 1099 2927; baseline -0.002 -21"><span class='ocrx_word' id='word_1_163' title='bbox 83 2844 212 2926; x_wconf 91' lang='lat' dir='ltr'>pulsam</span> <span class='ocrx_word' id='word_1_164' title='bbox 237 2843 426 2908; x_wconf 88' lang='lat' dir='ltr'>consulatus</span> <span class='ocrx_word' id='word_1_165' title='bbox 456 2843 611 2926; x_wconf 89' lang='lat' dir='ltr'>scriptum</span> <span class='ocrx_word' id='word_1_166' title='bbox 639 2842 725 2927; x_wconf 88' lang='lat' dir='ltr'>apud</span> <span class='ocrx_word' id='word_1_167' title='bbox 748 2840 907 2906; x_wconf 88' lang='lat' dir='ltr'>Fannium</span> <span class='ocrx_word' id='word_1_168' title='bbox 933 2845 990 2906; x_wconf 89' lang='lat' dir='ltr'>est.</span> <span class='ocrx_word' id='word_1_169' title='bbox 1036 2839 1099 2905; x_wconf 86' lang='lat' dir='ltr'>Sed</span> 
     </span>
     <span class='ocr_line' id='line_1_24' title="bbox 83 2929 1098 3015; baseline -0.002 -21"><span class='ocrx_word' id='word_1_170' title='bbox 83 2937 196 2995; x_wconf 88' lang='lat' dir='ltr'>tamen</span> <span class='ocrx_word' id='word_1_171' title='bbox 222 2931 378 2996; x_wconf 84' lang='lat' dir='ltr'>transisse</span> <span class='ocrx_word' id='word_1_172' title='bbox 406 2932 533 2996; x_wconf 86' lang='lat' dir='ltr'>videtur</span> <span class='ocrx_word' id='word_1_173' title='bbox 556 2930 701 3014; x_wconf 90' lang='lat' dir='ltr'>modum,</span> <span class='ocrx_word' id='word_1_174' title='bbox 729 2930 848 3015; x_wconf 91' lang='lat' dir='ltr'>quippe</span> <span class='ocrx_word' id='word_1_175' title='bbox 877 2929 934 3013; x_wconf 90' lang='lat' dir='ltr'>qui</span> <span class='ocrx_word' id='word_1_176' title='bbox 961 2930 1098 2993; x_wconf 88' lang='lat' dir='ltr'>obeam</span> 
     </span>
     <span class='ocr_line' id='line_1_25' title="bbox 85 3016 1099 3105; baseline -0.004 -21"><span class='ocrx_word' id='word_1_177' title='bbox 85 3041 216 3084; x_wconf 89' lang='lat' dir='ltr'>causam</span> <span class='ocrx_word' id='word_1_178' title='bbox 231 3041 251 3083; x_wconf 90' lang='lat' dir='ltr'>a</span> <span class='ocrx_word' id='word_1_179' title='bbox 264 3020 333 3084; x_wconf 86' lang='lat' dir='ltr'>vita</span> <span class='ocrx_word' id='word_1_180' title='bbox 351 3021 532 3105; x_wconf 83' lang='lat' dir='ltr'>recesserit3</span> <span class='ocrx_word' id='word_1_181' title='bbox 552 3019 749 3084; x_wconf 85' lang='lat' dir='ltr'>moderatius</span> <span class='ocrx_word' id='word_1_182' title='bbox 767 3019 868 3102; x_wconf 84' lang='lat' dir='ltr'>igitur</span> <span class='ocrx_word' id='word_1_183' title='bbox 881 3019 965 3080; x_wconf 83' lang='lat' dir='ltr'>terre</span> <span class='ocrx_word' id='word_1_184' title='bbox 980 3016 1099 3080; x_wconf 89' lang='lat' dir='ltr'>debuit.</span> 
     </span>
     <span class='ocr_line' id='line_1_26' title="bbox 85 3106 1099 3192; baseline -0.002 -21"><span class='ocrx_word' id='word_1_185' title='bbox 85 3106 178 3192; x_wconf 83' lang='lat' dir='ltr'>Quid,</span> <span class='ocrx_word' id='word_1_186' title='bbox 202 3108 238 3192; x_wconf 91' lang='lat' dir='ltr'>si,</span> <span class='ocrx_word' id='word_1_187' title='bbox 262 3130 335 3172; x_wconf 91' lang='lat' dir='ltr'>cum</span> <span class='ocrx_word' id='word_1_188' title='bbox 358 3109 391 3172; x_wconf 90' lang='lat' dir='ltr'>id</span> <span class='ocrx_word' id='word_1_189' title='bbox 413 3109 512 3173; x_wconf 89' lang='lat' dir='ltr'>ferret</span> <span class='ocrx_word' id='word_1_190' title='bbox 530 3108 664 3186; x_wconf 88' lang='lat' dir='ltr'>modice,</span> <span class='ocrx_word' id='word_1_191' title='bbox 688 3129 776 3172; x_wconf 93' lang='lat' dir='ltr'>mors</span> <span class='ocrx_word' id='word_1_192' title='bbox 799 3107 976 3171; x_wconf 88' lang='lat' dir='ltr'>liberorum</span> <span class='ocrx_word' id='word_1_193' title='bbox 996 3127 1099 3170; x_wconf 84' lang='lat' dir='ltr'>acces-</span> 
     </span>
     <span class='ocr_line' id='line_1_27' title="bbox 84 3194 1097 3280; baseline -0.002 -21"><span class='ocrx_word' id='word_1_194' title='bbox 84 3197 204 3261; x_wconf 80' lang='lat' dir='ltr'>sisset?</span> <span class='ocrx_word' id='word_1_195' title='bbox 249 3195 338 3260; x_wconf 89' lang='lat' dir='ltr'>Nata</span> <span class='ocrx_word' id='word_1_196' title='bbox 367 3201 452 3261; x_wconf 88' lang='lat' dir='ltr'>esset</span> <span class='ocrx_word' id='word_1_197' title='bbox 480 3196 647 3280; x_wconf 81' lang='lat' dir='ltr'>aegritudo</span> <span class='ocrx_word' id='word_1_198' title='bbox 675 3218 775 3280; x_wconf 85' lang='lat' dir='ltr'>nova,</span> <span class='ocrx_word' id='word_1_199' title='bbox 808 3195 863 3259; x_wconf 87' lang='lat' dir='ltr'>sed</span> <span class='ocrx_word' id='word_1_200' title='bbox 891 3217 929 3259; x_wconf 89' lang='lat' dir='ltr'>ea</span> <span class='ocrx_word' id='word_1_201' title='bbox 959 3194 1097 3278; x_wconf 81' lang='lat' dir='ltr'>modica3</span> 
     </span>
     <span class='ocr_line' id='line_1_28' title="bbox 83 3282 1097 3370; baseline -0.001 -22"><span class='ocrx_word' id='word_1_202' title='bbox 83 3306 204 3370; x_wconf 83' lang='lat' dir='ltr'>magna</span> <span class='ocrx_word' id='word_1_203' title='bbox 231 3287 342 3348; x_wconf 87' lang='lat' dir='ltr'>tamen</span> <span class='ocrx_word' id='word_1_204' title='bbox 372 3285 460 3350; x_wconf 86' lang='lat' dir='ltr'>facta</span> <span class='ocrx_word' id='word_1_205' title='bbox 493 3289 578 3350; x_wconf 90' lang='lat' dir='ltr'>esset</span> <span class='ocrx_word' id='word_1_206' title='bbox 606 3284 756 3349; x_wconf 86' lang='lat' dir='ltr'>accessio.</span> <span class='ocrx_word' id='word_1_207' title='bbox 803 3282 899 3366; x_wconf 83' lang='lat' dir='ltr'>Quid,</span> <span class='ocrx_word' id='word_1_208' title='bbox 928 3283 956 3348; x_wconf 92' lang='lat' dir='ltr'>si</span> <span class='ocrx_word' id='word_1_209' title='bbox 984 3282 1097 3347; x_wconf 91' lang='lat' dir='ltr'>deinde</span> 
     </span>
     <span class='ocr_line' id='line_1_29' title="bbox 83 3371 1097 3458; baseline 0.001 -23"><span class='ocrx_word' id='word_1_210' title='bbox 83 3373 210 3439; x_wconf 89' lang='lat' dir='ltr'>dolores</span> <span class='ocrx_word' id='word_1_211' title='bbox 234 3392 349 3455; x_wconf 82' lang='lat' dir='ltr'>graves</span> <span class='ocrx_word' id='word_1_212' title='bbox 374 3374 532 3458; x_wconf 89' lang='lat' dir='ltr'>corporis,</span> <span class='ocrx_word' id='word_1_213' title='bbox 560 3374 588 3436; x_wconf 91' lang='lat' dir='ltr'>si</span> <span class='ocrx_word' id='word_1_214' title='bbox 615 3374 774 3438; x_wconf 89' lang='lat' dir='ltr'>bonorum</span> <span class='ocrx_word' id='word_1_215' title='bbox 803 3371 948 3456; x_wconf 87' lang='lat' dir='ltr'>amissio,</span> <span class='ocrx_word' id='word_1_216' title='bbox 976 3372 1005 3435; x_wconf 91' lang='lat' dir='ltr'>si</span> <span class='ocrx_word' id='word_1_217' title='bbox 1028 3391 1097 3436; x_wconf 85' lang='lat' dir='ltr'>cae·</span> 
     </span>
    </p>
   </div>
   <div class='ocr_carea' id='block_1_6' title="bbox 83 3366 1163 3647">
    <p class='ocr_par' dir='ltr' id='par_1_6' title="bbox 83 3366 1163 3647">
     <span class='ocr_line' id='line_1_30' title="bbox 83 3366 1163 3647; baseline -0.002 -121"><span class='ocrx_word' id='word_1_218' title='bbox 83 3462 178 3545; x_wconf 79' lang='lat' dir='ltr'>citae,</span> <span class='ocrx_word' id='word_1_219' title='bbox 215 3461 243 3525; x_wconf 90' lang='lat' dir='ltr'>si</span> <span class='ocrx_word' id='word_1_220' title='bbox 280 3461 433 3525; x_wconf 78' lang='lat' dir='ltr'>exilium?</span> <span class='ocrx_word' id='word_1_221' title='bbox 485 3460 520 3526; x_wconf 80' lang='lat' dir='ltr'>si</span> <span class='ocrx_word' id='word_1_222' title='bbox 551 3483 612 3545; x_wconf 92' lang='lat' dir='ltr'>pro</span> <span class='ocrx_word' id='word_1_223' title='bbox 650 3461 785 3544; x_wconf 80' lang='lat' dir='ltr'>singulis</span> <span class='ocrx_word' id='word_1_224' title='bbox 824 3460 918 3525; x_wconf 92' lang='lat' dir='ltr'>malis</span> <span class='ocrx_word' id='word_1_225' title='bbox 956 3366 1163 3647; x_wconf 66' lang='lat' dir='ltr'>aegritu-e</span> 
     </span>
    </p>
   </div>
   <div class='ocr_carea' id='block_1_7' title="bbox 0 0 1229 3944">
    <p class='ocr_par' dir='ltr' id='par_1_7' title="bbox 0 0 1229 3944">
     <span class='ocr_line' id='line_1_31' title="bbox 0 0 1229 3944; baseline 0 0"><span class='ocrx_word' id='word_1_226' title='bbox 0 0 1229 3944; x_wconf 95' lang='lat' dir='ltr'> </span> 
     </span>
    </p>
   </div>
   <div class='ocr_carea' id='block_1_8' title="bbox 973 3820 1079 3837">
    <p class='ocr_par' dir='ltr' id='par_1_8' title="bbox 973 3820 1079 3837">
     <span class='ocr_line' id='line_1_32' title="bbox 973 3820 1079 3837; baseline 0 0"><span class='ocrx_word' id='word_1_227' title='bbox 973 3820 1079 3837; x_wconf 51' lang='lat' dir='ltr'>nah...</span> 
     </span>
    </p>
   </div>
  </div>
 </body>
</html>
