<?xml version="1.0" encoding="UTF-8"?>
<!DOCTYPE html PUBLIC "-//W3C//DTD XHTML 1.0 Transitional//EN"
    "http://www.w3.org/TR/xhtml1/DTD/xhtml1-transitional.dtd">
<html xmlns="http://www.w3.org/1999/xhtml" xml:lang="en" lang="en">
 <head>
  <title>
</title>
<meta http-equiv="Content-Type" content="text/html;charset=utf-8" />
  <meta name='ocr-system' content='tesseract 3.04.00' />
  <meta name='ocr-capabilities' content='ocr_page ocr_carea ocr_par ocr_line ocrx_word'/>
</head>
<body>
  <div class='ocr_page' id='page_1' title='image "./cicerosphilosop00cicegoog_0265.png"; bbox 0 0 2446 3944; ppageno 0'>
   <div class='ocr_carea' id='block_1_1' title="bbox 454 184 695 249">
    <p class='ocr_par' dir='ltr' id='par_1_1' title="bbox 454 184 695 249">
     <span class='ocr_line' id='line_1_1' title="bbox 454 184 695 249; baseline 0 0"><span class='ocrx_word' id='word_1_1' title='bbox 454 184 607 249; x_wconf 75' lang='lat'><strong>-249</strong></span> <span class='ocrx_word' id='word_1_2' title='bbox 654 221 695 232; x_wconf 89' lang='lat'>-</span> 
     </span>
    </p>
   </div>
   <div class='ocr_carea' id='block_1_2' title="bbox 17 344 1172 3595">
    <p class='ocr_par' dir='ltr' id='par_1_2' title="bbox 65 344 1172 519">
     <span class='ocr_line' id='line_1_2' title="bbox 65 344 1172 430; baseline -0.005 -20"><span class='ocrx_word' id='word_1_3' title='bbox 65 346 135 425; x_wconf 89' lang='lat' dir='ltr'><strong>bus,</strong></span> <span class='ocrx_word' id='word_1_4' title='bbox 157 344 398 430; x_wconf 73' lang='lat' dir='ltr'>peculatoribus</span> <span class='ocrx_word' id='word_1_5' title='bbox 421 344 482 410; x_wconf 92' lang='lat' dir='ltr'><strong>hoc</strong></span> <span class='ocrx_word' id='word_1_6' title='bbox 505 345 575 412; x_wconf 91' lang='lat' dir='ltr'><strong>loco</strong></span> <span class='ocrx_word' id='word_1_7' title='bbox 599 344 819 411; x_wconf 89' lang='lat' dir='ltr'><strong>disserendum</strong></span> <span class='ocrx_word' id='word_1_8' title='bbox 842 348 905 429; x_wconf 88' lang='lat' dir='ltr'><strong>est,</strong></span> <span class='ocrx_word' id='word_1_9' title='bbox 928 345 984 430; x_wconf 88' lang='lat' dir='ltr'><strong>qni</strong></span> <span class='ocrx_word' id='word_1_10' title='bbox 1005 367 1072 411; x_wconf 92' lang='lat' dir='ltr'><strong>non</strong></span> <span class='ocrx_word' id='word_1_11' title='bbox 1171 401 1172 404; x_wconf 74' lang='grc'>,</span> 
     </span>
     <span class='ocr_line' id='line_1_3' title="bbox 65 432 1071 519; baseline 0.001 -22"><span class='ocrx_word' id='word_1_12' title='bbox 65 433 173 499; x_wconf 87' lang='lat' dir='ltr'><strong>verbis</strong></span> <span class='ocrx_word' id='word_1_13' title='bbox 196 436 272 498; x_wconf 90' lang='lat' dir='ltr'><strong>sunt</strong></span> <span class='ocrx_word' id='word_1_14' title='bbox 291 435 324 496; x_wconf 93' lang='lat' dir='ltr'><strong>et</strong></span> <span class='ocrx_word' id='word_1_15' title='bbox 342 433 561 518; x_wconf 87' lang='lat' dir='ltr'><strong>disputatione</strong></span> <span class='ocrx_word' id='word_1_16' title='bbox 580 433 858 519; x_wconf 89' lang='lat' dir='ltr'><strong>philosophorum,</strong></span> <span class='ocrx_word' id='word_1_17' title='bbox 881 432 939 498; x_wconf 83' lang='lat' dir='ltr'><strong>sed</strong></span> <span class='ocrx_word' id='word_1_18' title='bbox 955 433 1071 507; x_wconf 71' lang='lat' dir='ltr'><strong>vinclis</strong></span> 
     </span>
    </p>

    <p class='ocr_par' dir='ltr' id='par_1_3' title="bbox 64 520 1124 3505">
     <span class='ocr_line' id='line_1_4' title="bbox 66 520 1071 606; baseline 0.003 -22"><span class='ocrx_word' id='word_1_19' title='bbox 66 525 99 584; x_wconf 91' lang='lat' dir='ltr'><strong>et</strong></span> <span class='ocrx_word' id='word_1_20' title='bbox 121 542 247 586; x_wconf 89' lang='lat' dir='ltr'><strong>carcere</strong></span> <span class='ocrx_word' id='word_1_21' title='bbox 268 520 442 605; x_wconf 76' lang='lat' dir='ltr'><strong>fatigandi,</strong></span> <span class='ocrx_word' id='word_1_22' title='bbox 464 523 520 587; x_wconf 90' lang='lat' dir='ltr'><strong>sed</strong></span> <span class='ocrx_word' id='word_1_23' title='bbox 542 522 622 588; x_wconf 91' lang='lat' dir='ltr'><strong>haec</strong></span> <span class='ocrx_word' id='word_1_24' title='bbox 644 522 897 606; x_wconf 81' lang='lat' dir='ltr'><strong>consideremus,</strong></span> <span class='ocrx_word' id='word_1_25' title='bbox 920 543 1002 604; x_wconf 90' lang='lat' dir='ltr'><strong>quae</strong></span> <span class='ocrx_word' id='word_1_26' title='bbox 1024 521 1071 587; x_wconf 90' lang='lat' dir='ltr'><strong>fa·</strong></span> 
     </span>
     <span class='ocr_line' id='line_1_5' title="bbox 66 608 1070 692; baseline 0.003 -20"><span class='ocrx_word' id='word_1_27' title='bbox 66 609 154 673; x_wconf 90' lang='lat' dir='ltr'><strong>ciunt</strong></span> <span class='ocrx_word' id='word_1_28' title='bbox 175 609 213 691; x_wconf 95' lang='lat' dir='ltr'><strong>ii,</strong></span> <span class='ocrx_word' id='word_1_29' title='bbox 241 608 296 692; x_wconf 90' lang='lat' dir='ltr'><strong>qui</strong></span> <span class='ocrx_word' id='word_1_30' title='bbox 317 610 479 674; x_wconf 89' lang='lat' dir='ltr'><strong>habentur</strong></span> <span class='ocrx_word' id='word_1_31' title='bbox 508 609 595 675; x_wconf 85' lang='lat' dir='ltr'><strong>boni.</strong></span> <span class='ocrx_word' id='word_1_32' title='bbox 638 609 674 675; x_wconf 87' lang='lat' dir='ltr'><strong>L.</strong></span> <span class='ocrx_word' id='word_1_33' title='bbox 696 609 818 674; x_wconf 85' lang='lat' dir='ltr'><strong>Minuci</strong></span> <span class='ocrx_word' id='word_1_34' title='bbox 838 609 956 692; x_wconf 82' lang='lat' dir='ltr'>Basili,</span> <span class='ocrx_word' id='word_1_35' title='bbox 985 610 1070 675; x_wconf 93' lang='lat' dir='ltr'><strong>locu·</strong></span> 
     </span>
     <span class='ocr_line' id='line_1_6' title="bbox 66 696 1071 781; baseline 0.002 -21"><span class='ocrx_word' id='word_1_36' title='bbox 66 696 163 780; x_wconf 88' lang='lat' dir='ltr'><strong>pletis</strong></span> <span class='ocrx_word' id='word_1_37' title='bbox 185 696 336 781; x_wconf 90' lang='lat' dir='ltr'><strong>hominis,</strong></span> <span class='ocrx_word' id='word_1_38' title='bbox 358 696 478 762; x_wconf 90' lang='lat' dir='ltr'><strong>falsum</strong></span> <span class='ocrx_word' id='word_1_39' title='bbox 498 700 730 763; x_wconf 88' lang='lat' dir='ltr'><strong>testamentum</strong></span> <span class='ocrx_word' id='word_1_40' title='bbox 749 697 879 781; x_wconf 91' lang='lat' dir='ltr'><strong>quidam</strong></span> <span class='ocrx_word' id='word_1_41' title='bbox 898 719 915 762; x_wconf 88' lang='lat' dir='ltr'><strong>o</strong></span> <span class='ocrx_word' id='word_1_42' title='bbox 934 697 1071 762; x_wconf 80' lang='lat' dir='ltr'>Graecia</span> 
     </span>
     <span class='ocr_line' id='line_1_7' title="bbox 65 783 1070 870; baseline 0.001 -22"><span class='ocrx_word' id='word_1_43' title='bbox 65 783 203 849; x_wconf 85' lang='lat' dir='ltr'><strong>Romam</strong></span> <span class='ocrx_word' id='word_1_44' title='bbox 222 785 411 849; x_wconf 86' lang='lat' dir='ltr'><strong>attulerunt.</strong></span> <span class='ocrx_word' id='word_1_45' title='bbox 447 784 540 860; x_wconf 81' lang='lat' dir='ltr'><strong>Quod</strong></span> <span class='ocrx_word' id='word_1_46' title='bbox 557 807 621 869; x_wconf 93' lang='lat' dir='ltr'><strong>quo</strong></span> <span class='ocrx_word' id='word_1_47' title='bbox 639 785 767 850; x_wconf 81' lang='lat' dir='ltr'><strong>facilius</strong></span> <span class='ocrx_word' id='word_1_48' title='bbox 782 786 974 870; x_wconf 88' lang='lat' dir='ltr'><strong>optinerent,</strong></span> <span class='ocrx_word' id='word_1_49' title='bbox 995 786 1070 850; x_wconf 91' lang='lat' dir='ltr'><strong>scri·</strong></span> 
     </span>
     <span class='ocr_line' id='line_1_8' title="bbox 65 871 1070 956; baseline 0.002 -21"><span class='ocrx_word' id='word_1_50' title='bbox 65 876 199 956; x_wconf 78' lang='lat' dir='ltr'><strong>pserunt</strong></span> <span class='ocrx_word' id='word_1_51' title='bbox 220 872 353 936; x_wconf 88' lang='lat' dir='ltr'><strong>heredes</strong></span> <span class='ocrx_word' id='word_1_52' title='bbox 376 894 484 938; x_wconf 90' lang='lat' dir='ltr'><strong>secum</strong></span> <span class='ocrx_word' id='word_1_53' title='bbox 507 873 550 938; x_wconf 87' lang='lat' dir='ltr'><strong>M.</strong></span> <span class='ocrx_word' id='word_1_54' title='bbox 566 872 719 943; x_wconf 82' lang='lat' dir='ltr'><strong>Crassum</strong></span> <span class='ocrx_word' id='word_1_55' title='bbox 743 876 775 937; x_wconf 89' lang='lat' dir='ltr'><strong>et</strong></span> <span class='ocrx_word' id='word_1_56' title='bbox 798 871 834 948; x_wconf 80' lang='lat' dir='ltr'><strong>Q.</strong></span> <span class='ocrx_word' id='word_1_57' title='bbox 849 872 1070 955; x_wconf 76' lang='lat' dir='ltr'><strong>Hortensium,</strong></span> 
     </span>
     <span class='ocr_line' id='line_1_9' title="bbox 66 959 1072 1045; baseline 0.001 -21"><span class='ocrx_word' id='word_1_58' title='bbox 66 960 212 1025; x_wconf 89' lang='lat' dir='ltr'><strong>homines</strong></span> <span class='ocrx_word' id='word_1_59' title='bbox 235 959 378 1025; x_wconf 88' lang='lat' dir='ltr'><strong>eiusdem</strong></span> <span class='ocrx_word' id='word_1_60' title='bbox 396 961 513 1026; x_wconf 87' lang='lat' dir='ltr'><strong>aetatis</strong></span> <span class='ocrx_word' id='word_1_61' title='bbox 533 962 792 1045; x_wconf 71' lang='lat' dir='ltr'><strong>potentissimos,</strong></span> <span class='ocrx_word' id='word_1_62' title='bbox 814 962 871 1045; x_wconf 92' lang='lat' dir='ltr'><strong>qui</strong></span> <span class='ocrx_word' id='word_1_63' title='bbox 893 983 966 1026; x_wconf 91' lang='lat' dir='ltr'><strong>cum</strong></span> <span class='ocrx_word' id='word_1_64' title='bbox 988 961 1072 1026; x_wconf 91' lang='lat' dir='ltr'><strong>illud</strong></span> 
     </span>
     <span class='ocr_line' id='line_1_10' title="bbox 65 1047 1070 1133; baseline 0.001 -22"><span class='ocrx_word' id='word_1_65' title='bbox 65 1047 185 1112; x_wconf 90' lang='lat' dir='ltr'><strong>falsum</strong></span> <span class='ocrx_word' id='word_1_66' title='bbox 213 1069 282 1112; x_wconf 89' lang='lat' dir='ltr'><strong>esse</strong></span> <span class='ocrx_word' id='word_1_67' title='bbox 310 1049 564 1133; x_wconf 88' lang='lat' dir='ltr'><strong>suspicarentur,</strong></span> <span class='ocrx_word' id='word_1_68' title='bbox 592 1050 655 1114; x_wconf 90' lang='lat' dir='ltr'><strong>sibi</strong></span> <span class='ocrx_word' id='word_1_69' title='bbox 681 1053 791 1114; x_wconf 90' lang='lat' dir='ltr'><strong>autem</strong></span> <span class='ocrx_word' id='word_1_70' title='bbox 817 1049 939 1113; x_wconf 87' lang='lat' dir='ltr'><strong>nullius</strong></span> <span class='ocrx_word' id='word_1_71' title='bbox 962 1052 1070 1113; x_wconf 88' lang='lat' dir='ltr'><strong>essent</strong></span> 
     </span>
     <span class='ocr_line' id='line_1_11' title="bbox 67 1136 1070 1220; baseline 0 -20"><span class='ocrx_word' id='word_1_72' title='bbox 67 1136 186 1201; x_wconf 89' lang='lat' dir='ltr'><strong>conscii</strong></span> <span class='ocrx_word' id='word_1_73' title='bbox 203 1137 325 1220; x_wconf 85' lang='lat' dir='ltr'><strong>culpae,</strong></span> <span class='ocrx_word' id='word_1_74' title='bbox 349 1137 446 1201; x_wconf 88' lang='lat' dir='ltr'><strong>alieni</strong></span> <span class='ocrx_word' id='word_1_75' title='bbox 467 1136 622 1202; x_wconf 89' lang='lat' dir='ltr'><strong>facinoris</strong></span> <span class='ocrx_word' id='word_1_76' title='bbox 644 1137 869 1202; x_wconf 86' lang='lat' dir='ltr'><strong>munusculum</strong></span> <span class='ocrx_word' id='word_1_77' title='bbox 890 1155 957 1201; x_wconf 88' lang='lat' dir='ltr'><strong>non</strong></span> <span class='ocrx_word' id='word_1_78' title='bbox 979 1158 1070 1220; x_wconf 87' lang='lat' dir='ltr'><strong>repu-</strong></span> 
     </span>
     <span class='ocr_line' id='line_1_12' title="bbox 66 1223 1070 1310; baseline 0 -23"><span class='ocrx_word' id='word_1_79' title='bbox 66 1224 242 1288; x_wconf 90' lang='lat' dir='ltr'><strong>diaverunt.</strong></span> <span class='ocrx_word' id='word_1_80' title='bbox 275 1223 358 1299; x_wconf 82' lang='lat' dir='ltr'><strong>Quid</strong></span> <span class='ocrx_word' id='word_1_81' title='bbox 376 1225 476 1310; x_wconf 79' lang='lat' dir='ltr'><strong>ergo?</strong></span> <span class='ocrx_word' id='word_1_82' title='bbox 496 1225 582 1289; x_wconf 89' lang='lat' dir='ltr'><strong>satin</strong></span> <span class='ocrx_word' id='word_1_83' title='bbox 600 1228 650 1289; x_wconf 89' lang='lat' dir='ltr'><strong>cst</strong></span> <span class='ocrx_word' id='word_1_84' title='bbox 668 1225 739 1309; x_wconf 91' lang='lat' dir='ltr'><strong>hoc,</strong></span> <span class='ocrx_word' id='word_1_85' title='bbox 757 1229 794 1289; x_wconf 93' lang='lat' dir='ltr'><strong>ut</strong></span> <span class='ocrx_word' id='word_1_86' title='bbox 812 1246 879 1290; x_wconf 91' lang='lat' dir='ltr'><strong>non</strong></span> <span class='ocrx_word' id='word_1_87' title='bbox 896 1224 1070 1308; x_wconf 86' lang='lat' dir='ltr'><strong>deliquisse</strong></span> 
     </span>
     <span class='ocr_line' id='line_1_13' title="bbox 64 1311 1070 1397; baseline 0 -21"><span class='ocrx_word' id='word_1_88' title='bbox 64 1311 255 1377; x_wconf 79' lang='lat' dir='ltr'><strong>videantur?</strong></span> <span class='ocrx_word' id='word_1_89' title='bbox 287 1311 370 1376; x_wconf 89' lang='lat' dir='ltr'><strong>Mihi</strong></span> <span class='ocrx_word' id='word_1_90' title='bbox 388 1313 517 1396; x_wconf 89' lang='lat' dir='ltr'><strong>quidem</strong></span> <span class='ocrx_word' id='word_1_91' title='bbox 534 1334 601 1378; x_wconf 91' lang='lat' dir='ltr'><strong>non</strong></span> <span class='ocrx_word' id='word_1_92' title='bbox 619 1313 756 1395; x_wconf 81' lang='lat' dir='ltr'><strong>videtur,</strong></span> <span class='ocrx_word' id='word_1_93' title='bbox 778 1334 974 1397; x_wconf 88' lang='lat' dir='ltr'><strong>quamquam</strong></span> <span class='ocrx_word' id='word_1_94' title='bbox 993 1313 1070 1376; x_wconf 78' lang='lat' dir='ltr'><strong>alte</strong></span> 
     </span>
     <span class='ocr_line' id='line_1_14' title="bbox 65 1399 1124 1484; baseline 0.004 -21"><span class='ocrx_word' id='word_1_95' title='bbox 65 1422 137 1463; x_wconf 93' lang='lat' dir='ltr'><strong>rum</strong></span> <span class='ocrx_word' id='word_1_96' title='bbox 164 1399 274 1464; x_wconf 80' lang='lat' dir='ltr'><strong>vivum</strong></span> <span class='ocrx_word' id='word_1_97' title='bbox 301 1400 421 1483; x_wconf 81' lang='lat' dir='ltr'><strong>amavi,</strong></span> <span class='ocrx_word' id='word_1_98' title='bbox 453 1401 592 1464; x_wconf 90' lang='lat' dir='ltr'><strong>alterum</strong></span> <span class='ocrx_word' id='word_1_99' title='bbox 623 1422 689 1465; x_wconf 88' lang='lat' dir='ltr'><strong>non</strong></span> <span class='ocrx_word' id='word_1_100' title='bbox 716 1401 770 1465; x_wconf 88' lang='lat' dir='ltr'><strong>odi</strong></span> <span class='ocrx_word' id='word_1_101' title='bbox 796 1403 974 1484; x_wconf 77' lang='lat' dir='ltr'><strong>mortuum3</strong></span> <span class='ocrx_word' id='word_1_102' title='bbox 1006 1401 1124 1484; x_wconf 69' lang='grc'>111114</span> 
     </span>
     <span class='ocr_line' id='line_1_15' title="bbox 66 1485 1070 1571; baseline 0 -19"><span class='ocrx_word' id='word_1_103' title='bbox 66 1510 138 1552; x_wconf 89' lang='lat' dir='ltr'><strong>cum</strong></span> <span class='ocrx_word' id='word_1_104' title='bbox 160 1486 290 1552; x_wconf 89' lang='lat' dir='ltr'><strong>Basilus</strong></span> <span class='ocrx_word' id='word_1_105' title='bbox 312 1486 355 1554; x_wconf 92' lang='lat' dir='ltr'><strong>M.</strong></span> <span class='ocrx_word' id='word_1_106' title='bbox 379 1485 535 1571; x_wconf 75' lang='lat' dir='ltr'><strong>Satrium,</strong></span> <span class='ocrx_word' id='word_1_107' title='bbox 559 1489 679 1553; x_wconf 90' lang='lat' dir='ltr'><strong>sororis</strong></span> <span class='ocrx_word' id='word_1_108' title='bbox 702 1488 813 1571; x_wconf 88' lang='lat' dir='ltr'><strong>filium,</strong></span> <span class='ocrx_word' id='word_1_109' title='bbox 836 1509 954 1552; x_wconf 89' lang='lat' dir='ltr'><strong>nomen</strong></span> <span class='ocrx_word' id='word_1_110' title='bbox 976 1510 1070 1552; x_wconf 89' lang='lat' dir='ltr'><strong>suum</strong></span> 
     </span>
     <span class='ocr_line' id='line_1_16' title="bbox 67 1575 1070 1659; baseline 0.001 -20"><span class='ocrx_word' id='word_1_111' title='bbox 67 1575 150 1639; x_wconf 85' lang='lat' dir='ltr'><strong>ferre</strong></span> <span class='ocrx_word' id='word_1_112' title='bbox 177 1576 334 1641; x_wconf 86' lang='lat' dir='ltr'><strong>voluisset</strong></span> <span class='ocrx_word' id='word_1_113' title='bbox 362 1597 497 1659; x_wconf 89' lang='lat' dir='ltr'><strong>eumque</strong></span> <span class='ocrx_word' id='word_1_114' title='bbox 528 1575 658 1641; x_wconf 86' lang='lat' dir='ltr'><strong>fecisset</strong></span> <span class='ocrx_word' id='word_1_115' title='bbox 688 1575 838 1640; x_wconf 89' lang='lat' dir='ltr'><strong>heredem</strong></span> <span class='ocrx_word' id='word_1_116' title='bbox 870 1575 969 1657; x_wconf 89' lang='lat' dir='ltr'><strong>(hunc</strong></span> <span class='ocrx_word' id='word_1_117' title='bbox 1000 1576 1070 1641; x_wconf 90' lang='lat' dir='ltr'><strong>dico</strong></span> 
     </span>
     <span class='ocr_line' id='line_1_17' title="bbox 65 1661 1071 1749; baseline 0 -21"><span class='ocrx_word' id='word_1_118' title='bbox 65 1667 240 1747; x_wconf 88' lang='lat' dir='ltr'><strong>patronum</strong></span> <span class='ocrx_word' id='word_1_119' title='bbox 259 1663 330 1749; x_wconf 87' lang='lat' dir='ltr'><strong>agri</strong></span> <span class='ocrx_word' id='word_1_120' title='bbox 348 1663 458 1729; x_wconf 89' lang='lat' dir='ltr'><strong>Piceni</strong></span> <span class='ocrx_word' id='word_1_121' title='bbox 476 1667 509 1728; x_wconf 90' lang='lat' dir='ltr'><strong>et</strong></span> <span class='ocrx_word' id='word_1_122' title='bbox 528 1661 653 1747; x_wconf 84' lang='lat' dir='ltr'><strong>Sabini3</strong></span> <span class='ocrx_word' id='word_1_123' title='bbox 676 1685 694 1728; x_wconf 96' lang='lat' dir='ltr'><strong>o</strong></span> <span class='ocrx_word' id='word_1_124' title='bbox 713 1667 843 1748; x_wconf 90' lang='lat' dir='ltr'><strong>turpem</strong></span> <span class='ocrx_word' id='word_1_125' title='bbox 860 1667 973 1729; x_wconf 87' lang='lat' dir='ltr'><strong>notam</strong></span> <span class='ocrx_word' id='word_1_126' title='bbox 991 1667 1071 1728; x_wconf 91' lang='lat' dir='ltr'><strong>tem·</strong></span> 
     </span>
     <span class='ocr_line' id='line_1_18' title="bbox 65 1749 1070 1836; baseline 0.001 -21"><span class='ocrx_word' id='word_1_127' title='bbox 65 1773 181 1835; x_wconf 90' lang='lat' dir='ltr'><strong>porum</strong></span> <span class='ocrx_word' id='word_1_128' title='bbox 204 1754 336 1832; x_wconf 88' lang='lat' dir='ltr'><strong>[nomen</strong></span> <span class='ocrx_word' id='word_1_129' title='bbox 356 1749 540 1835; x_wconf 76' lang='lat' dir='ltr'><strong>illorumll),</strong></span> <span class='ocrx_word' id='word_1_130' title='bbox 568 1773 635 1816; x_wconf 89' lang='lat' dir='ltr'><strong>non</strong></span> <span class='ocrx_word' id='word_1_131' title='bbox 656 1755 726 1816; x_wconf 88' lang='lat' dir='ltr'><strong>erat</strong></span> <span class='ocrx_word' id='word_1_132' title='bbox 749 1773 887 1836; x_wconf 91' lang='lat' dir='ltr'><strong>aequum</strong></span> <span class='ocrx_word' id='word_1_133' title='bbox 908 1751 1070 1836; x_wconf 84' lang='lat' dir='ltr'><strong>principes</strong></span> 
     </span>
     <span class='ocr_line' id='line_1_19' title="bbox 66 1837 1071 1924; baseline -0.001 -20"><span class='ocrx_word' id='word_1_134' title='bbox 66 1839 145 1904; x_wconf 87' lang='lat' dir='ltr'><strong>civis</strong></span> <span class='ocrx_word' id='word_1_135' title='bbox 176 1861 245 1904; x_wconf 89' lang='lat' dir='ltr'><strong>rem</strong></span> <span class='ocrx_word' id='word_1_136' title='bbox 272 1840 405 1923; x_wconf 89' lang='lat' dir='ltr'><strong>habere,</strong></span> <span class='ocrx_word' id='word_1_137' title='bbox 437 1840 479 1904; x_wconf 88' lang='lat' dir='ltr'><strong>ad</strong></span> <span class='ocrx_word' id='word_1_138' title='bbox 506 1837 648 1904; x_wconf 80' lang='lat' dir='ltr'><strong>Satrium</strong></span> <span class='ocrx_word' id='word_1_139' title='bbox 679 1840 761 1904; x_wconf 88' lang='lat' dir='ltr'><strong>nihil</strong></span> <span class='ocrx_word' id='word_1_140' title='bbox 792 1843 923 1924; x_wconf 88' lang='lat' dir='ltr'><strong>praeter</strong></span> <span class='ocrx_word' id='word_1_141' title='bbox 952 1861 1071 1904; x_wconf 88' lang='lat' dir='ltr'><strong>nomen</strong></span> 
     </span>
     <span class='ocr_line' id='line_1_20' title="bbox 66 1926 1070 2012; baseline 0.002 -22"><span class='ocrx_word' id='word_1_142' title='bbox 66 1926 241 2011; x_wconf 84' lang='lat' dir='ltr'><strong>pervenire.</strong></span> <span class='ocrx_word' id='word_1_143' title='bbox 285 1927 429 2009; x_wconf 84' lang='lat' dir='ltr'><strong>Etenim,</strong></span> <span class='ocrx_word' id='word_1_144' title='bbox 457 1927 549 2012; x_wconf 88' lang='lat' dir='ltr'><strong>siis,</strong></span> <span class='ocrx_word' id='word_1_145' title='bbox 576 1927 723 2012; x_wconf 87' lang='lat' dir='ltr'><strong>quinon</strong></span> <span class='ocrx_word' id='word_1_146' title='bbox 749 1927 891 1992; x_wconf 85' lang='lat' dir='ltr'><strong>defendit</strong></span> <span class='ocrx_word' id='word_1_147' title='bbox 918 1927 1070 1992; x_wconf 87' lang='lat' dir='ltr'><strong>iniuriam</strong></span> 
     </span>
     <span class='ocr_line' id='line_1_21' title="bbox 66 2015 1069 2101; baseline 0.003 -24"><span class='ocrx_word' id='word_1_148' title='bbox 66 2035 169 2098; x_wconf 91' lang='lat' dir='ltr'><strong>neque</strong></span> <span class='ocrx_word' id='word_1_149' title='bbox 187 2017 367 2101; x_wconf 89' lang='lat' dir='ltr'><strong>propulsat,</strong></span> <span class='ocrx_word' id='word_1_150' title='bbox 388 2038 460 2080; x_wconf 92' lang='lat' dir='ltr'><strong>cum</strong></span> <span class='ocrx_word' id='word_1_151' title='bbox 479 2018 596 2100; x_wconf 89' lang='lat' dir='ltr'><strong>potest,</strong></span> <span class='ocrx_word' id='word_1_152' title='bbox 613 2015 733 2080; x_wconf 88' lang='lat' dir='ltr'><strong>iniuste</strong></span> <span class='ocrx_word' id='word_1_153' title='bbox 750 2015 838 2099; x_wconf 91' lang='lat' dir='ltr'><strong>facit,</strong></span> <span class='ocrx_word' id='word_1_154' title='bbox 855 2019 893 2080; x_wconf 92' lang='lat' dir='ltr'><strong>ut</strong></span> <span class='ocrx_word' id='word_1_155' title='bbox 910 2015 946 2080; x_wconf 90' lang='lat' dir='ltr'><strong>in</strong></span> <span class='ocrx_word' id='word_1_156' title='bbox 962 2016 1069 2100; x_wconf 91' lang='lat' dir='ltr'><strong>primo</strong></span> 
     </span>
     <span class='ocr_line' id='line_1_22' title="bbox 66 2102 1069 2188; baseline 0.003 -22"><span class='ocrx_word' id='word_1_157' title='bbox 66 2102 151 2167; x_wconf 92' lang='lat' dir='ltr'><strong>libro</strong></span> <span class='ocrx_word' id='word_1_158' title='bbox 175 2103 324 2188; x_wconf 88' lang='lat' dir='ltr'><strong>disserui,</strong></span> <span class='ocrx_word' id='word_1_159' title='bbox 348 2104 454 2187; x_wconf 89' lang='lat' dir='ltr'><strong>qualis</strong></span> <span class='ocrx_word' id='word_1_160' title='bbox 477 2103 643 2168; x_wconf 90' lang='lat' dir='ltr'><strong>habendus</strong></span> <span class='ocrx_word' id='word_1_161' title='bbox 666 2108 716 2168; x_wconf 88' lang='lat' dir='ltr'><strong>est</strong></span> <span class='ocrx_word' id='word_1_162' title='bbox 738 2103 780 2187; x_wconf 87' lang='lat' dir='ltr'><strong>is,</strong></span> <span class='ocrx_word' id='word_1_163' title='bbox 808 2104 864 2187; x_wconf 89' lang='lat' dir='ltr'><strong>qui</strong></span> <span class='ocrx_word' id='word_1_164' title='bbox 885 2125 951 2167; x_wconf 90' lang='lat' dir='ltr'><strong>non</strong></span> <span class='ocrx_word' id='word_1_165' title='bbox 973 2104 1069 2169; x_wconf 93' lang='lat' dir='ltr'><strong>modo</strong></span> 
     </span>
     <span class='ocr_line' id='line_1_23' title="bbox 65 2190 1067 2275; baseline 0.002 -21"><span class='ocrx_word' id='word_1_166' title='bbox 65 2212 133 2255; x_wconf 90' lang='lat' dir='ltr'><strong>non</strong></span> <span class='ocrx_word' id='word_1_167' title='bbox 153 2191 296 2275; x_wconf 89' lang='lat' dir='ltr'><strong>repellit,</strong></span> <span class='ocrx_word' id='word_1_168' title='bbox 326 2192 382 2256; x_wconf 90' lang='lat' dir='ltr'><strong>sed</strong></span> <span class='ocrx_word' id='word_1_169' title='bbox 405 2192 503 2256; x_wconf 90' lang='lat' dir='ltr'><strong>etiam</strong></span> <span class='ocrx_word' id='word_1_170' title='bbox 527 2190 659 2256; x_wconf 87' lang='lat' dir='ltr'><strong>adiuvat</strong></span> <span class='ocrx_word' id='word_1_171' title='bbox 681 2191 854 2256; x_wconf 79' lang='lat' dir='ltr'><strong>iniuriam?</strong></span> <span class='ocrx_word' id='word_1_172' title='bbox 898 2191 980 2256; x_wconf 89' lang='lat' dir='ltr'><strong>Mihi</strong></span> <span class='ocrx_word' id='word_1_173' title='bbox 1003 2191 1067 2275; x_wconf 90' lang='lat' dir='ltr'><strong>qui·</strong></span> 
     </span>
     <span class='ocr_line' id='line_1_24' title="bbox 67 2279 1070 2364; baseline 0.001 -22"><span class='ocrx_word' id='word_1_174' title='bbox 67 2279 139 2343; x_wconf 91' lang='lat' dir='ltr'><strong>dem</strong></span> <span class='ocrx_word' id='word_1_175' title='bbox 166 2279 265 2343; x_wconf 90' lang='lat' dir='ltr'><strong>etiam</strong></span> <span class='ocrx_word' id='word_1_176' title='bbox 291 2301 386 2344; x_wconf 87' lang='lat' dir='ltr'><strong>verae</strong></span> <span class='ocrx_word' id='word_1_177' title='bbox 412 2279 609 2344; x_wconf 88' lang='lat' dir='ltr'><strong>hereditates</strong></span> <span class='ocrx_word' id='word_1_178' title='bbox 635 2302 701 2345; x_wconf 88' lang='lat' dir='ltr'><strong>non</strong></span> <span class='ocrx_word' id='word_1_179' title='bbox 727 2280 882 2345; x_wconf 85' lang='lat' dir='ltr'><strong>honestae</strong></span> <span class='ocrx_word' id='word_1_180' title='bbox 911 2279 1070 2364; x_wconf 86' lang='lat' dir='ltr'><strong>videntur,</strong></span> 
     </span>
     <span class='ocr_line' id='line_1_25' title="bbox 67 2366 1069 2452; baseline 0.001 -23"><span class='ocrx_word' id='word_1_181' title='bbox 67 2366 96 2430; x_wconf 91' lang='lat' dir='ltr'><strong>si</strong></span> <span class='ocrx_word' id='word_1_182' title='bbox 118 2370 194 2431; x_wconf 88' lang='lat' dir='ltr'><strong>sunt</strong></span> <span class='ocrx_word' id='word_1_183' title='bbox 216 2366 389 2432; x_wconf 84' lang='lat' dir='ltr'><strong>malitiosis</strong></span> <span class='ocrx_word' id='word_1_184' title='bbox 412 2367 596 2452; x_wconf 86' lang='lat' dir='ltr'><strong>blanditiis,</strong></span> <span class='ocrx_word' id='word_1_185' title='bbox 623 2367 803 2433; x_wconf 85' lang='lat' dir='ltr'><strong>officiorum</strong></span> <span class='ocrx_word' id='word_1_186' title='bbox 829 2389 896 2432; x_wconf 88' lang='lat' dir='ltr'><strong>non</strong></span> <span class='ocrx_word' id='word_1_187' title='bbox 922 2368 1069 2451; x_wconf 88' lang='lat' dir='ltr'><strong>veritate,</strong></span> 
     </span>
     <span class='ocr_line' id='line_1_26' title="bbox 67 2454 1069 2539; baseline 0.002 -22"><span class='ocrx_word' id='word_1_188' title='bbox 67 2454 124 2518; x_wconf 90' lang='lat' dir='ltr'><strong>sed</strong></span> <span class='ocrx_word' id='word_1_189' title='bbox 156 2455 362 2519; x_wconf 86' lang='lat' dir='ltr'><strong>simulatione</strong></span> <span class='ocrx_word' id='word_1_190' title='bbox 394 2455 567 2538; x_wconf 86' lang='lat' dir='ltr'><strong>quaesitae.</strong></span> <span class='ocrx_word' id='word_1_191' title='bbox 620 2454 723 2539; x_wconf 85' lang='lat' dir='ltr'><strong>Atqui</strong></span> <span class='ocrx_word' id='word_1_192' title='bbox 754 2456 789 2519; x_wconf 88' lang='grc'><strong>111</strong></span> <span class='ocrx_word' id='word_1_193' title='bbox 819 2456 941 2520; x_wconf 86' lang='lat' dir='ltr'><strong>talibus</strong></span> <span class='ocrx_word' id='word_1_194' title='bbox 972 2456 1069 2520; x_wconf 85' lang='lat' dir='ltr'><strong>rebus</strong></span> 
     </span>
     <span class='ocr_line' id='line_1_27' title="bbox 67 2541 1113 2627; baseline 0 -21"><span class='ocrx_word' id='word_1_195' title='bbox 67 2541 155 2606; x_wconf 86' lang='lat' dir='ltr'><strong>aliud</strong></span> <span class='ocrx_word' id='word_1_196' title='bbox 168 2542 248 2606; x_wconf 92' lang='lat' dir='ltr'><strong>utile</strong></span> <span class='ocrx_word' id='word_1_197' title='bbox 262 2543 432 2625; x_wconf 89' lang='lat' dir='ltr'><strong>interdum,</strong></span> <span class='ocrx_word' id='word_1_198' title='bbox 447 2544 534 2608; x_wconf 88' lang='lat' dir='ltr'><strong>aliud</strong></span> <span class='ocrx_word' id='word_1_199' title='bbox 547 2543 719 2607; x_wconf 88' lang='lat' dir='ltr'><strong>honestum</strong></span> <span class='ocrx_word' id='word_1_200' title='bbox 730 2542 831 2607; x_wconf 85' lang='lat' dir='ltr'><strong>videri</strong></span> <span class='ocrx_word' id='word_1_201' title='bbox 844 2544 936 2608; x_wconf 90' lang='lat' dir='ltr'><strong>solet.</strong></span> <span class='ocrx_word' id='word_1_202' title='bbox 958 2541 1070 2627; x_wconf 81' lang='lat' dir='ltr'><strong>Fals03</strong></span> <span class='ocrx_word' id='word_1_203' title='bbox 1081 2558 1113 2608; x_wconf 76' lang='lat'><strong>75</strong></span> 
     </span>
     <span class='ocr_line' id='line_1_28' title="bbox 65 2629 1124 2714; baseline -0.002 -21"><span class='ocrx_word' id='word_1_204' title='bbox 65 2650 143 2693; x_wconf 90' lang='lat' dir='ltr'><strong>nam</strong></span> <span class='ocrx_word' id='word_1_205' title='bbox 161 2629 272 2695; x_wconf 90' lang='lat' dir='ltr'><strong>eadem</strong></span> <span class='ocrx_word' id='word_1_206' title='bbox 290 2631 453 2713; x_wconf 87' lang='lat' dir='ltr'><strong>utilitatis,</strong></span> <span class='ocrx_word' id='word_1_207' title='bbox 473 2652 554 2714; x_wconf 91' lang='lat' dir='ltr'><strong>quae</strong></span> <span class='ocrx_word' id='word_1_208' title='bbox 568 2630 759 2713; x_wconf 90' lang='lat' dir='ltr'><strong>honestatis,</strong></span> <span class='ocrx_word' id='word_1_209' title='bbox 779 2634 830 2694; x_wconf 89' lang='lat' dir='ltr'><strong>est</strong></span> <span class='ocrx_word' id='word_1_210' title='bbox 842 2631 964 2714; x_wconf 85' lang='lat' dir='ltr'><strong>regula.</strong></span> <span class='ocrx_word' id='word_1_211' title='bbox 997 2629 1124 2707; x_wconf 67' lang='lat' dir='ltr'><strong>Quies)</strong></span> 
     </span>
     <span class='ocr_line' id='line_1_29' title="bbox 65 2717 1070 2802; baseline -0.001 -20"><span class='ocrx_word' id='word_1_212' title='bbox 65 2717 128 2782; x_wconf 92' lang='lat' dir='ltr'><strong>hoc</strong></span> <span class='ocrx_word' id='word_1_213' title='bbox 149 2739 216 2782; x_wconf 88' lang='lat' dir='ltr'><strong>non</strong></span> <span class='ocrx_word' id='word_1_214' title='bbox 237 2719 422 2802; x_wconf 88' lang='lat' dir='ltr'><strong>perviderit,</strong></span> <span class='ocrx_word' id='word_1_215' title='bbox 445 2718 485 2782; x_wconf 89' lang='lat' dir='ltr'><strong>ab</strong></span> <span class='ocrx_word' id='word_1_216' title='bbox 509 2717 571 2782; x_wconf 93' lang='lat' dir='ltr'><strong>hoc</strong></span> <span class='ocrx_word' id='word_1_217' title='bbox 589 2718 682 2781; x_wconf 88' lang='lat' dir='ltr'><strong>nulla</strong></span> <span class='ocrx_word' id='word_1_218' title='bbox 698 2717 788 2782; x_wconf 87' lang='lat' dir='ltr'><strong>fraus</strong></span> <span class='ocrx_word' id='word_1_219' title='bbox 807 2718 921 2801; x_wconf 85' lang='lat' dir='ltr'><strong>aberit,</strong></span> <span class='ocrx_word' id='word_1_220' title='bbox 943 2718 1070 2781; x_wconf 91' lang='lat' dir='ltr'><strong>nullum</strong></span> 
     </span>
     <span class='ocr_line' id='line_1_30' title="bbox 64 2803 1070 2891; baseline 0 -23"><span class='ocrx_word' id='word_1_221' title='bbox 64 2804 199 2870; x_wconf 89' lang='lat' dir='ltr'><strong>facinus.</strong></span> <span class='ocrx_word' id='word_1_222' title='bbox 244 2803 297 2869; x_wconf 82' lang='lat' dir='ltr'><strong>Sic</strong></span> <span class='ocrx_word' id='word_1_223' title='bbox 320 2807 405 2870; x_wconf 90' lang='lat' dir='ltr'><strong>enim</strong></span> <span class='ocrx_word' id='word_1_224' title='bbox 428 2805 588 2891; x_wconf 81' lang='lat' dir='ltr'><strong>cogitans:</strong></span> <span class='ocrx_word' id='word_1_225' title='bbox 616 2804 689 2870; x_wconf 72' lang='lat' dir='ltr'><strong>‘Est</strong></span> <span class='ocrx_word' id='word_1_226' title='bbox 714 2805 800 2870; x_wconf 87' lang='lat' dir='ltr'><strong>istuc</strong></span> <span class='ocrx_word' id='word_1_227' title='bbox 823 2805 951 2888; x_wconf 86' lang='lat' dir='ltr'><strong>quidem</strong></span> <span class='ocrx_word' id='word_1_228' title='bbox 974 2804 1070 2869; x_wconf 78' lang='lat' dir='ltr'><strong>hone</strong></span> 
     </span>
     <span class='ocr_line' id='line_1_31' title="bbox 67 2891 1069 2977; baseline -0.001 -20"><span class='ocrx_word' id='word_1_229' title='bbox 67 2896 167 2975; x_wconf 89' lang='lat' dir='ltr'><strong>stum,</strong></span> <span class='ocrx_word' id='word_1_230' title='bbox 203 2915 315 2959; x_wconf 86' lang='lat' dir='ltr'><strong>verum</strong></span> <span class='ocrx_word' id='word_1_231' title='bbox 350 2893 412 2958; x_wconf 89' lang='lat' dir='ltr'><strong>hoe</strong></span> <span class='ocrx_word' id='word_1_232' title='bbox 445 2891 587 2977; x_wconf 87' lang='lat' dir='ltr'><strong>expedit’</strong></span> <span class='ocrx_word' id='word_1_233' title='bbox 619 2915 671 2957; x_wconf 89' lang='lat' dir='ltr'><strong>res</strong></span> <span class='ocrx_word' id='word_1_234' title='bbox 703 2915 724 2957; x_wconf 92' lang='lat' dir='ltr'><strong>a</strong></span> <span class='ocrx_word' id='word_1_235' title='bbox 753 2896 871 2959; x_wconf 90' lang='lat' dir='ltr'><strong>natura</strong></span> <span class='ocrx_word' id='word_1_236' title='bbox 902 2892 1069 2976; x_wconf 88' lang='lat' dir='ltr'><strong>copulatas</strong></span> 
     </span>
     <span class='ocr_line' id='line_1_32' title="bbox 66 2979 1070 3064; baseline -0.003 -19"><span class='ocrx_word' id='word_1_237' title='bbox 66 2980 198 3045; x_wconf 87' lang='lat' dir='ltr'><strong>audebit</strong></span> <span class='ocrx_word' id='word_1_238' title='bbox 221 3003 328 3046; x_wconf 89' lang='lat' dir='ltr'><strong>errore</strong></span> <span class='ocrx_word' id='word_1_239' title='bbox 352 2981 512 3063; x_wconf 89' lang='lat' dir='ltr'><strong>divellere,</strong></span> <span class='ocrx_word' id='word_1_240' title='bbox 535 2979 592 3064; x_wconf 87' lang='lat' dir='ltr'><strong>qui</strong></span> <span class='ocrx_word' id='word_1_241' title='bbox 612 2980 685 3045; x_wconf 90' lang='lat' dir='ltr'><strong>fons</strong></span> <span class='ocrx_word' id='word_1_242' title='bbox 709 2984 759 3045; x_wconf 89' lang='lat' dir='ltr'><strong>est</strong></span> <span class='ocrx_word' id='word_1_243' title='bbox 779 2980 951 3062; x_wconf 88' lang='lat' dir='ltr'><strong>fraudium,</strong></span> <span class='ocrx_word' id='word_1_244' title='bbox 973 2979 1070 3043; x_wconf 90' lang='lat' dir='ltr'><strong>male-</strong></span> 
     </span>
     <span class='ocr_line' id='line_1_33' title="bbox 64 3066 1122 3153; baseline -0.003 -20"><span class='ocrx_word' id='word_1_245' title='bbox 64 3068 220 3152; x_wconf 89' lang='lat' dir='ltr'><strong>ficiorum,</strong></span> <span class='ocrx_word' id='word_1_246' title='bbox 244 3069 400 3133; x_wconf 90' lang='lat' dir='ltr'><strong>scelerum</strong></span> <span class='ocrx_word' id='word_1_247' title='bbox 423 3069 575 3134; x_wconf 87' lang='lat' dir='ltr'><strong>omnium.</strong></span> <span class='ocrx_word' id='word_1_248' title='bbox 619 3068 742 3153; x_wconf 90' lang='lat' dir='ltr'><strong>Itaque,</strong></span> <span class='ocrx_word' id='word_1_249' title='bbox 765 3068 794 3132; x_wconf 91' lang='lat' dir='ltr'><strong>si</strong></span> <span class='ocrx_word' id='word_1_250' title='bbox 816 3068 866 3133; x_wconf 88' lang='lat' dir='ltr'><strong>vir</strong></span> <span class='ocrx_word' id='word_1_251' title='bbox 888 3069 991 3132; x_wconf 88' lang='lat' dir='ltr'><strong>bonus</strong></span> <span class='ocrx_word' id='word_1_252' title='bbox 1014 3067 1069 3130; x_wconf 91' lang='lat' dir='ltr'><strong>ha-</strong></span> <span class='ocrx_word' id='word_1_253' title='bbox 1082 3066 1122 3131; x_wconf 86' lang='grc'><strong>19</strong></span> 
     </span>
     <span class='ocr_line' id='line_1_34' title="bbox 65 3155 1070 3241; baseline -0.003 -20"><span class='ocrx_word' id='word_1_254' title='bbox 65 3156 142 3221; x_wconf 90' lang='lat' dir='ltr'><strong>beat</strong></span> <span class='ocrx_word' id='word_1_255' title='bbox 164 3156 248 3221; x_wconf 86' lang='lat' dir='ltr'><strong>hano</strong></span> <span class='ocrx_word' id='word_1_256' title='bbox 270 3157 351 3241; x_wconf 87' lang='lat' dir='ltr'><strong>vim,</strong></span> <span class='ocrx_word' id='word_1_257' title='bbox 376 3160 426 3240; x_wconf 90' lang='lat' dir='ltr'><strong>ut,</strong></span> <span class='ocrx_word' id='word_1_258' title='bbox 455 3157 483 3220; x_wconf 88' lang='lat' dir='ltr'><strong>si</strong></span> <span class='ocrx_word' id='word_1_259' title='bbox 510 3155 620 3241; x_wconf 83' lang='lat' dir='ltr'><strong>digitis</strong></span> <span class='ocrx_word' id='word_1_260' title='bbox 644 3156 877 3241; x_wconf 89' lang='lat' dir='ltr'><strong>concrepuerit,</strong></span> <span class='ocrx_word' id='word_1_261' title='bbox 903 3155 1009 3240; x_wconf 88' lang='lat' dir='ltr'><strong>possit</strong></span> <span class='ocrx_word' id='word_1_262' title='bbox 1035 3156 1070 3219; x_wconf 89' lang='lat' dir='ltr'><strong>in</strong></span> 
     </span>
     <span class='ocr_line' id='line_1_35' title="bbox 65 3243 1071 3329; baseline -0.001 -21"><span class='ocrx_word' id='word_1_263' title='bbox 65 3243 277 3328; x_wconf 85' lang='lat' dir='ltr'><strong>locupletium</strong></span> <span class='ocrx_word' id='word_1_264' title='bbox 300 3248 497 3309; x_wconf 83' lang='lat' dir='ltr'><strong>testamento</strong></span> <span class='ocrx_word' id='word_1_265' title='bbox 523 3266 642 3309; x_wconf 88' lang='lat' dir='ltr'><strong>nomen</strong></span> <span class='ocrx_word' id='word_1_266' title='bbox 668 3245 735 3309; x_wconf 89' lang='lat' dir='ltr'><strong>eius</strong></span> <span class='ocrx_word' id='word_1_267' title='bbox 763 3244 922 3329; x_wconf 88' lang='lat' dir='ltr'><strong>inrepere,</strong></span> <span class='ocrx_word' id='word_1_268' title='bbox 949 3243 1010 3308; x_wconf 91' lang='lat' dir='ltr'><strong>hac</strong></span> <span class='ocrx_word' id='word_1_269' title='bbox 1038 3243 1071 3309; x_wconf 90' lang='lat' dir='ltr'><strong>vi</strong></span> 
     </span>
     <span class='ocr_line' id='line_1_36' title="bbox 64 3331 1071 3417; baseline 0.003 -21"><span class='ocrx_word' id='word_1_270' title='bbox 64 3352 131 3396; x_wconf 87' lang='lat' dir='ltr'><strong>non</strong></span> <span class='ocrx_word' id='word_1_271' title='bbox 144 3336 265 3415; x_wconf 89' lang='lat' dir='ltr'><strong>utatur,</strong></span> <span class='ocrx_word' id='word_1_272' title='bbox 283 3354 324 3397; x_wconf 88' lang='lat' dir='ltr'><strong>ne</strong></span> <span class='ocrx_word' id='word_1_273' title='bbox 343 3333 371 3397; x_wconf 88' lang='lat' dir='ltr'><strong>si</strong></span> <span class='ocrx_word' id='word_1_274' title='bbox 385 3333 589 3417; x_wconf 87' lang='lat' dir='ltr'><strong>exploratum</strong></span> <span class='ocrx_word' id='word_1_275' title='bbox 604 3333 732 3416; x_wconf 88' lang='lat' dir='ltr'><strong>quidem</strong></span> <span class='ocrx_word' id='word_1_276' title='bbox 750 3333 870 3397; x_wconf 89' lang='lat' dir='ltr'><strong>habeat</strong></span> <span class='ocrx_word' id='word_1_277' title='bbox 887 3331 921 3396; x_wconf 92' lang='lat' dir='ltr'><strong>id</strong></span> <span class='ocrx_word' id='word_1_278' title='bbox 940 3331 1071 3399; x_wconf 87' lang='lat' dir='ltr'><strong>omnino</strong></span> 
     </span>
     <span class='ocr_line' id='line_1_37' title="bbox 64 3418 1034 3505; baseline 0.004 -23"><span class='ocrx_word' id='word_1_279' title='bbox 64 3418 228 3484; x_wconf 90' lang='lat' dir='ltr'><strong>neminem</strong></span> <span class='ocrx_word' id='word_1_280' title='bbox 250 3442 404 3503; x_wconf 89' lang='lat' dir='ltr'><strong>umquam</strong></span> <span class='ocrx_word' id='word_1_281' title='bbox 427 3420 672 3505; x_wconf 89' lang='lat' dir='ltr'><strong>suspicaturum.</strong></span> <span class='ocrx_word' id='word_1_282' title='bbox 713 3419 760 3484; x_wconf 85' lang='lat' dir='ltr'><strong>At</strong></span> <span class='ocrx_word' id='word_1_283' title='bbox 783 3421 875 3485; x_wconf 89' lang='lat' dir='ltr'><strong>dares</strong></span> <span class='ocrx_word' id='word_1_284' title='bbox 898 3419 1034 3486; x_wconf 77' lang='grc' dir='ltr'><strong>1111101Ι</strong></span> 
     </span>
    </p>

    <p class='ocr_par' dir='ltr' id='par_1_4' title="bbox 17 3504 1036 3595">
     <span class='ocr_line' id='line_1_38' title="bbox 17 3504 1036 3595; baseline 0.004 -24"><span class='ocrx_word' id='word_1_285' title='bbox 17 3513 19 3518; x_wconf 83' lang='lat'>&#39;</span> <span class='ocrx_word' id='word_1_286' title='bbox 63 3505 250 3591; x_wconf 47' lang='lat' dir='ltr'><strong>MsOrasso,</strong></span> <span class='ocrx_word' id='word_1_287' title='bbox 268 3511 306 3571; x_wconf 93' lang='lat' dir='ltr'><strong>ut</strong></span> <span class='ocrx_word' id='word_1_288' title='bbox 320 3507 498 3593; x_wconf 80' lang='lat' dir='ltr'><strong>digitorum</strong></span> <span class='ocrx_word' id='word_1_289' title='bbox 515 3509 721 3592; x_wconf 87' lang='lat' dir='ltr'><strong>percussione</strong></span> <span class='ocrx_word' id='word_1_290' title='bbox 739 3504 833 3574; x_wconf 89' lang='lat' dir='ltr'><strong>heres</strong></span> <span class='ocrx_word' id='word_1_291' title='bbox 847 3512 958 3595; x_wconf 86' lang='lat' dir='ltr'><strong>posset</strong></span> <span class='ocrx_word' id='word_1_292' title='bbox 972 3507 1036 3575; x_wconf 88' lang='lat' dir='ltr'><strong>scri</strong></span> 
     </span>
    </p>
   </div>
   <div class='ocr_carea' id='block_1_3' title="bbox 0 0 1228 3944">
    <p class='ocr_par' dir='ltr' id='par_1_5' title="bbox 0 0 1228 3944">
     <span class='ocr_line' id='line_1_39' title="bbox 0 0 1228 3944; baseline 0 0"><span class='ocrx_word' id='word_1_293' title='bbox 0 0 1228 3944; x_wconf 95' lang='lat' dir='ltr'><strong> </strong></span> 
     </span>
    </p>
   </div>
  </div>
 </body>
</html>
