2446 3944
509 176 750 241 -172-

121 361 320 426 quarumque
342 339 485 424 partium
508 337 654 423 corporis
675 359 753 403 usus
772 341 848 403 sunt
865 337 1049 422 necessarii,
1072 358 1128 404 cas

118 451 222 513 neque
244 431 355 513 partes
377 448 481 511 neque
504 448 615 491 earum
632 447 711 490 usus
729 425 796 490 suis
814 425 1000 490 nominibus
1019 426 1129 510 appel-

119 517 204 599 lant,
230 515 379 600 quodque
400 515 506 581 facere
529 518 624 598 turpe
645 536 713 579 non
735 517 795 598 est,
817 513 913 579 modo
937 514 1072 598 occulte,
1094 513 1129 578 id

120 604 224 670 dicere
248 603 422 669 obscenum
445 606 505 667 est.
540 601 655 685 Itaque
677 623 736 667 nec
756 601 842 666 aetio
865 623 973 666 rerum
995 601 1128 666 illarum

68 706 119 756 128
134 695 249 776 aperta
266 690 449 776 petulantia
465 694 561 755 vacat
578 711 637 754 nee
656 689 812 754 orationis
832 689 1024 754 obscenitas.
1059 688 1128 754 Nee

119 801 196 845 vero
224 778 373 844 audiendi
401 782 477 842 sunt
500 776 623 862 Cynici,
651 781 708 841 aut
735 777 763 840 si
792 777 848 861 qui
873 775 1005 842 fuerunt
1028 775 1129 842 Stoici

119 888 222 952 paene
245 865 371 951 Cynici,
396 867 452 950 qui
474 864 713 950 reprehendunt
736 868 768 928 et
790 864 945 948 inrident,
973 865 1059 949 quod
1082 886 1130 949 ea,

121 976 203 1039 quae
225 955 336 1039 turpia
357 975 424 1018 non
446 953 526 1035 sint,
551 952 661 1017 verbis
688 952 854 1038 flagitiosa
876 952 1044 1037 ducamus,
1070 952 1131 1018 illa

121 1046 244 1126 autem,
270 1064 352 1127 quae
374 1041 484 1125 turpia
509 1041 587 1124 sint,
613 1040 799 1105 nominibus
827 1041 1029 1125 appellemus
1053 1041 1129 1105 suis.

119 1129 337 1214 Latrocinari,
367 1129 532 1211 fraudare,
568 1127 751 1192 adulterare
781 1149 816 1192 re
848 1132 943 1214 turpe
975 1132 1040 1213 est,
1072 1128 1129 1194 sed

122 1218 238 1284 dicitur
255 1239 321 1283 non
339 1218 490 1300 obscene,
514 1215 626 1280 liberis
649 1216 727 1280 dare
749 1237 882 1301 operam
900 1238 935 1282 re
955 1216 1129 1283 honestum

121 1309 181 1389 est,
198 1305 328 1371 nomine
346 1305 535 1387 obscenum3
555 1304 712 1388 pluraque
730 1304 765 1369 in
783 1326 855 1370 cam
874 1306 1069 1370 sententiam
1087 1306 1128 1368 ab

121 1394 242 1459 eisdem
270 1395 383 1459 eontra
409 1392 634 1457 verecundiam
661 1392 877 1476 disputantur.
921 1391 990 1456 Nos
1019 1395 1129 1456 autem

119 1486 273 1547 naturam
304 1502 477 1564 sequamur
509 1483 542 1544 et
574 1480 615 1544 ab
648 1480 750 1563 omni,
783 1479 869 1562 quod
901 1478 1054 1544 abhorret
1085 1479 1128 1542 ab

121 1569 288 1634 oculorum
316 1568 506 1652 auriumque
533 1567 782 1652 approbatione,
812 1567 990 1652 fugiamus3
1022 1569 1128 1631 status

120 1656 274 1739 incessus,
297 1657 398 1720 sessio
422 1654 591 1736 accubitio,
616 1655 726 1719 vultus
745 1654 831 1719 oculi
849 1677 1003 1719 manuum
1021 1659 1129 1720 motus

69 1757 119 1808 129
134 1745 245 1806 teneat
266 1741 349 1805 illud
372 1742 530 1806 decorum.
577 1740 700 1816 Quibus
727 1741 762 1805 in
783 1742 880 1806 rebus
904 1742 966 1808 duo
990 1743 1130 1808 maxime

121 1832 198 1892 sunt
219 1827 387 1912 fugienda,
413 1849 454 1892 ne
482 1828 559 1911 quid
586 1829 807 1893 effeminatum
832 1834 890 1894 aut
911 1832 1012 1895 molle
1035 1835 1068 1895 et
1089 1851 1130 1895 ne

122 1914 199 2000 quid
226 1914 340 1978 durum
368 1918 425 1978 aut
446 1915 604 1980 rusticum
627 1916 679 1979 sit.
724 1914 792 1981 Nee
814 1937 891 1981 vero
914 1916 1129 1982 histrionibus

121 2001 369 2085 oratoribusque
392 2001 628 2066 concedendum
647 2005 711 2085 est,
733 2005 770 2066 ut
792 2002 832 2066 iis
851 2001 931 2068 haec
954 2008 1032 2088 apta
1055 2005 1130 2088 sint,

120 2091 216 2156 nobis
248 2089 415 2154 dissoluta.
468 2086 695 2155 Scaenicorum
732 2089 861 2172 quidem
891 2112 962 2155 mos
999 2094 1128 2155 tantam

121 2179 222 2244 habet
247 2180 356 2244 vetere
384 2176 555 2262 disciplina
581 2177 818 2260 verecundiam,
849 2181 887 2241 ut
917 2178 952 2242 in
979 2199 1129 2243 scaenam

123 2267 192 2331 sine
215 2265 418 2351 subligaculo
440 2265 578 2350 prodeat
599 2286 708 2348 nem03
730 2268 884 2329 verentur
906 2265 1006 2349 enim,
1027 2289 1078 2350 ne,
1100 2267 1131 2332 si

124 2377 187 2439 quo
215 2375 291 2419 casu
317 2353 474 2437 evenerit,
500 2357 538 2418 ut
565 2352 710 2438 corporis
737 2357 848 2437 partes
876 2354 1034 2437 quaedam
1057 2376 1130 2437 ape

122 2443 258 2524 riantur,
281 2441 481 2524 aspiciantur
501 2462 568 2507 non
590 2441 712 2506 decore.
747 2439 869 2507 Nostro
888 2442 1017 2526 quidem
1040 2463 1132 2507 more

123 2551 197 2594 cum
218 2528 408 2612 parentibus
430 2529 568 2613 puberes
590 2529 665 2613 filii,
692 2550 765 2594 cum
788 2529 908 2594 soceris
932 2530 1043 2615 generi
1064 2551 1132 2594 non

123 2617 283 2681 lavantur.
327 2615 509 2680 Retinenda
539 2616 642 2701 igitur
673 2620 725 2681 est
755 2615 850 2681 huius
883 2618 1009 2703 generis
1044 2639 1132 2682 vere·

71 2757 113 2823 36
124 2703 253 2787 cundia,
274 2704 469 2788 praesertim
490 2707 609 2768 natura
631 2704 703 2788 ipsa
725 2704 885 2790 magistra
906 2709 940 2770 et
963 2705 1049 2771 duee.

71 2835 122 2886 130
190 2790 272 2856 Cum
293 2795 401 2856 autem
419 2790 670 2875 pulchritudinis
686 2791 749 2856 duo
768 2813 887 2876 genera
901 2793 975 2875 sint,
994 2815 1132 2876 quorum

122 2880 159 2944 in
181 2881 284 2944 altero
307 2882 461 2944 venustas
485 2878 542 2961 sit,
564 2879 599 2941 in
621 2879 725 2943 altero
749 2878 904 2964 dignitas,
927 2884 1132 2946 venustatem

123 2967 315 3032 muliebrem
330 2966 443 3032 ducere
454 2966 616 3050 debemus,
631 2965 824 3052 dignitatem
836 2967 972 3033 virilem.
994 2967 1084 3053 Ergo
1099 2974 1133 3033 et

124 3077 145 3119 a
161 3055 269 3120 forma
286 3057 491 3119 removeatur
510 3053 615 3118 omnis
634 3053 704 3118 viro
722 3075 789 3118 non
807 3053 923 3140 dignus
938 3060 1081 3140 ornatus,
1099 3061 1134 3121 εὴ

123 3142 199 3207 huie
213 3142 319 3206 simile
337 3142 454 3207 vitium
470 3142 506 3206 in
524 3144 620 3227 gestu
638 3144 793 3225 motuque
807 3147 967 3207 caveatur.
998 3142 1086 3208 Nam
1100 3149 1136 3209 et

123 3229 312 3312 palaestrici
334 3232 442 3294 motus
466 3233 542 3295 sunt
561 3250 657 3314 saepe
676 3229 863 3315 odiosiores,
886 3234 919 3295 et
937 3230 1133 3297 histrionum

123 3335 191 3380 non
217 3315 301 3380 nulli
329 3320 440 3401 gestus
467 3316 600 3401 ineptiis
626 3338 695 3381 non
720 3321 850 3401 vacant,
877 3322 911 3382 ct
937 3318 973 3383 in
994 3323 1134 3403 utroque

125 3423 243 3488 genere
267 3424 349 3486 quae
372 3407 448 3468 sunt
470 3409 559 3470 reeta
582 3407 616 3468 et
638 3403 811 3490 simplicia,
838 3406 1021 3472 laudantur.
1056 3406 1134 3471 For·

124 3511 199 3557 mae
221 3494 331 3556 autem
353 3490 495 3576 dignitas
519 3491 638 3558 eoloris
656 3492 803 3559 bonitate
824 3495 944 3560 tuenda
963 3499 1022 3579 est,
1044 3494 1136 3560 color
