2446 3944
547 205 590 216 -
635 169 787 235 318-

109 364 142 412 ιι
162 345 217 431 qui
238 344 370 410 omnino
392 364 553 426 nusquam
575 341 741 426 reperiunt
742 362 789 408 ur.
834 339 924 405 Talis
951 340 1057 426 igitur
1084 340 1178 409 inter

160 435 247 500 viros
267 431 410 497 amicitia
427 434 537 496 tantas
556 429 794 514 oportunitates
817 428 927 512 habet,
950 432 1093 514 quantas
1118 431 1176 496 vix

160 543 243 606 queo
266 521 380 585 dicere.
413 518 577 603 Principio
601 517 657 601 qui
678 520 788 602 potest
808 538 878 581 esse
895 479 964 585 vita
987 516 1175 617 vitalis’,

160 609 267 673 utait
253 607 422 685 tEnnius‚
446 627 527 690 quae
549 626 616 670 non
637 605 672 669 in
694 604 790 669 amici
811 609 924 669 mutua
946 604 1175 672 benivolentia

161 695 379 780 conquiescit?
416 692 500 770 Quid
518 692 642 757 dulcius
658 714 754 776 quam
767 692 896 777 habere,
914 692 1045 778 quicum
1059 695 1174 760 omnia

161 785 279 850 audeas
302 783 348 847 sic
370 782 460 865 loqui
482 785 520 845 ut
542 780 670 846 tecum?
715 779 777 855 Qui
799 783 885 845 ιιιιι
907 783 1019 846 tantus
1042 779 1173 848 fructus

161 872 195 937 in
217 869 381 956 prosperis
404 869 510 952 rebus,
532 868 596 932 nisi
618 867 763 951 haberes,
787 867 842 951 qui
864 868 930 932 illis
954 890 1058 954 aeque
1077 891 1117 936 ac
1135 874 1173 936 tu

160 961 230 1046 ipse
254 959 407 1046 gauderet
393 958 431 1021 ιι
456 957 607 1022 adversas
629 977 705 1021 vero
728 955 812 1020 ferre
835 955 965 1021 difficile
988 961 1078 1021 esset
1100 959 1172 1023 sine

162 1069 213 1131 ιο,
235 1047 290 1130 qui
312 1047 387 1111 illas
411 1044 541 1130 gravius
566 1043 665 1108 ctiam
688 1065 785 1126 quam
807 1047 844 1108 tu
866 1043 975 1108 ferret.
951 1043 1172 1130 tDenique

162 1139 286 1201 ιιιιιιι
309 1155 370 1217 res,
392 1154 474 1216 quae
497 1135 699 1216 expetuntur,
722 1135 901 1216 oportunae
924 1135 1000 1196 sunt
1018 1132 1172 1218 singulae

161 1223 257 1287 rebus
279 1222 346 1286 fere
370 1220 517 1306 singulis,
539 1219 680 1303 divitiae,
702 1223 739 1283 ut
761 1222 863 1303 utare,
886 1241 973 1303 opes,
994 1224 1033 1284 ut
1052 1220 1172 1306 colare,

161 1311 310 1392 honores,
331 1313 369 1372 ut
391 1308 530 1390 laudere,
552 1307 702 1391 voluptat
668 1328 746 1391 aes,
768 1311 806 1371 ut
828 1308 983 1392 gaudeas,
1008 1308 1169 1411 valitudo,

161 1398 332 1463 utdolore
356 1417 464 1461 careas
488 1399 520 1460 et
543 1395 728 1460 muneribus
750 1393 886 1480 fungare
909 1395 1160 1481 corporis3am1

162 1486 239 1552 citia
257 1506 308 1549 res
324 1484 480 1569 plurimas
499 1483 655 1566 continet3
674 1505 803 1566 quoquo
821 1486 855 1547 te
873 1483 1017 1567 verteris,
1034 1489 1170 1569 praesto

163 1578 222 1657 est,
236 1574 327 1638 nullo
341 1574 413 1638 loco
428 1571 606 1636 excluditur
567 1592 809 1654 ur,numquam
822 1571 1100 1674 intempestiva,
1079 1595 1172 1638 num·

163 1685 261 1746 quam
279 1662 418 1726 molesta
436 1663 498 1724 est·
491 1660 626 1743 ,itaque
644 1680 710 1724 non
726 1680 819 1742 aqua,
835 1680 902 1723 non
920 1659 997 1744 igni,
1016 1663 1055 1724 ut
1070 1648 1172 1744 aiunt,

162 1751 242 1816 locis
261 1749 408 1834 pluribus
428 1748 548 1812 utimur
566 1769 664 1829 quam
683 1746 833 1812 amicitia
869 1745 982 1848 Neque
1001 1767 1065 1833 ego
1085 1770 1171 1826 nunc

163 1838 201 1901 de
224 1836 354 1921 vulgari
376 1839 432 1899 aut
418 1836 493 1899 tde
514 1834 675 1918 mediocri,
698 1856 779 1917 quae
798 1838 908 1899 tamen
924 1835 997 1919 ipsa
1016 1839 1048 1900 et
1069 1820 1171 1902 delec-

162 1927 213 1989 tat
236 1927 269 1988 et
292 1922 433 2007 prodest,
456 1923 512 1986 sed
535 1922 668 1987 devera
691 1927 724 1987 et
745 1922 890 2008 perfecta
911 1923 1038 2006 loquor,
1062 1925 1169 2008 qualis

163 2033 283 2093 corum,
307 2010 362 2093 qui
384 2009 479 2093 pauci
498 2009 717 2094 nominantur,
738 2010 810 2075 fuit.
845 2010 932 2077 Nam
955 2013 988 2075 et
1012 2013 1169 2077 secundas

162 2121 214 2164 res
242 2097 474 2182 splendidiores
500 2097 580 2161 facit
607 2098 749 2163 amicitia
776 2101 810 2163 et
841 2099 993 2163 adversas
1021 2100 1170 2184 partiens

164 2185 465 2268 communicansque
487 2184 634 2249 leviores.

230 2273 398 2356 Quomque
420 2272 577 2357 plurimas
592 2274 625 2335 ιι
643 2271 801 2336 maximas
819 2271 1067 2338 commoditates
1092 2273 1171 2339 ami·

111 2327 145 2376 ²3
164 2361 241 2427 citia
268 2361 444 2445 contineat,
471 2364 542 2424 tum
569 2360 628 2424 illa
654 2359 807 2425 nimirum
833 2363 980 2443 praestat
1007 2361 1170 2446 omnibus,

121 2517 124 2522 ,
164 2449 250 2533 quod
272 2449 392 2514 bonam
414 2470 505 2533 spem
528 2448 693 2532 praelucet
715 2447 750 2511 in
776 2451 943 2532 posterum
969 2469 1029 2514 nec
1056 2449 1171 2514 debili·

162 2537 229 2602 tari
251 2536 375 2602 animos
399 2540 456 2601 aut
478 2536 590 2601 cadere
613 2535 745 2620 patitur.
775 2534 897 2601 Verum
920 2535 1005 2600 enim
1029 2536 1171 2602 amicum

164 2625 219 2709 qui
241 2625 394 2709 intuetur,
416 2627 584 2707 tamquam
606 2624 770 2707 exemplar
792 2623 923 2706 aliquod
944 2623 1092 2689 intuetur
1111 2625 1170 2690 sui.

164 2713 322 2789 Quocirca
349 2715 382 2776 ιι
409 2712 559 2776 absentes
587 2711 704 2775 adsunt
731 2714 764 2774 et
791 2715 921 2797 egentes
945 2711 1116 2776 abundant
1138 2716 1172 2778 et

163 2801 307 2865 inbecilli
333 2800 444 2865 valent
471 2803 517 2883 ιι,
544 2799 630 2884 quod
657 2797 818 2863 difficilius
843 2799 931 2864 dictu
954 2802 1018 2884 est,
1046 2800 1171 2864 mortui

163 2889 290 2973 vivuut3
313 2891 425 2953 tantus
448 2909 503 2952 eos
525 2887 638 2970 honos,
660 2886 824 2970 memoria,
848 2886 1040 2951 desiderium
1060 2909 1171 2972 prosa

164 2977 276 3059 quitur
302 2975 487 3040 amicorum.
531 2973 581 3038 Ex
609 2996 671 3057 quo
697 2974 828 3038 illorum
850 2974 949 3038 beata
970 2994 1059 3049 mors
1082 2975 1170 3040 vide

163 3068 226 3142 tur,
248 3065 366 3129 horum
383 3063 453 3129 vita
470 3061 652 3127 laudabilis.
688 3059 810 3137 Quodsi
828 3061 982 3127 exemeris
1002 3083 1042 3126 ιι
1061 3083 1171 3127 rerum

164 3155 282 3216 natura
308 3149 546 3216 benivolentiae
573 3149 843 3233 coniunctionem,
871 3170 930 3215 nec
958 3148 1072 3214 domus
1101 3151 1173 3215 ulla

70 3236 72 3240 ’
164 3259 223 3302 nec
249 3238 328 3302 urbs
357 3243 443 3303 stare
470 3237 604 3324 poterit,
635 3259 676 3301 ne
708 3237 780 3322 agri
809 3237 938 3321 quidem
964 3237 1072 3302 cultus
1100 3260 1172 3323 per-

165 3324 317 3390 manebit.
362 3325 400 3389 Id
423 3326 451 3390 si
473 3326 579 3391 minus
601 3325 817 3411 intellegitur,
844 3324 1038 3410 quantavis
1062 3326 1173 3392 amici·

165 3412 230 3475 tiae
249 3414 498 3498 concordiaeque
518 3414 569 3498 sit,
592 3435 631 3478 ex
653 3412 906 3478 dissensionibus
925 3416 1023 3498 atque
1047 3435 1086 3478 ιι
1111 3414 1173 3478 dis-

165 3499 281 3565 cordiis
300 3501 439 3586 perspici
457 3505 575 3587 potest.
606 3499 695 3577 Quae
714 3502 800 3566 enim
818 3502 931 3567 domus
947 3504 1017 3566 tam
1032 3502 1173 3586 stabilis,
