2446 3944
466 195 708 262 -285—

79 357 182 458 igitur
203 356 263 420 has
287 355 431 439 corporis
455 378 497 421 an
514 355 720 442 Pythagorae
738 357 800 422 tibi
819 358 914 422 malis
932 358 1073 423 viresin

80 444 168 531 genir
159 444 278 508 dari?
314 443 461 527 Denique
479 444 543 508 isto
561 443 647 509 bono
670 448 773 529 utare,
796 445 872 510 dum
895 445 989 529 absit,
1012 468 1085 511 oum

80 532 182 615 absit,
208 553 249 596 ne
276 532 435 614 requiras,
461 531 526 595 nisi
551 530 637 596 forte
661 532 880 598 adulescentes
903 496 1085 634 pueritiam,

80 619 250 705 paululum
269 623 375 684 aetate
393 619 559 705 progressi
578 620 828 685 adulescentiam
847 621 964 686 debent
982 621 1085 704 requi-

81 730 161 772 rere.
206 707 405 772 Cursust
356 711 405 771 ιιι
433 711 538 772 certus
566 707 684 772 aetatis
711 712 745 772 et
770 731 835 772 una
861 710 915 774 via
941 713 1084 792 naturae,

80 818 181 879 eaque
205 795 351 880 simplex,
374 817 495 878 suaque
514 795 626 878 cuique
644 796 733 879 parti
750 796 867 861 aetatis
886 797 1084 881 tempestivi-

80 888 132 948 tas
156 887 206 948 ιιι
233 884 322 966 data,
349 887 386 946 ut
413 887 446 946 ιι
472 883 645 947 infirmitas
672 905 845 967 puerorum
872 888 906 948 ιι
931 885 1083 950 ferocitas

80 972 232 1035 iuvenum
259 975 292 1035 et
319 970 465 1056 gravitas
491 971 558 1035 iam
581 971 760 1036 constantis
784 972 901 1036 aetatis
925 975 957 1036 et
980 994 1085 1037 senec·

80 1059 162 1123 tutis
191 1058 361 1122 maturitas
387 1058 536 1122 naturale
564 1059 717 1142 quiddam
743 1059 876 1143 habeat,
908 1060 994 1142 quod
1026 1081 1083 1124 suo

79 1151 227 1231 tempore
253 1146 376 1231 percipi
402 1146 525 1211 debeat.
570 1145 692 1210 Audire
719 1150 752 1211 ιι
779 1147 934 1230 arbitror,
966 1145 1083 1231 Scipio,
1102 1170 1137 1220 34

79 1235 198 1319 hospes
221 1237 296 1298 tuus
320 1234 387 1298 avit
373 1238 426 1298 tus
448 1233 621 1298 Masinissa
643 1256 725 1318 quae
747 1233 847 1300 faciat
868 1235 964 1300 hodie
984 1257 1083 1299 nona·

82 1324 212 1424 ginta
204 1325 301 1385 natus
334 1343 449 1422 annos3
486 1343 557 1386 oum
588 1322 754 1407 ingressus
780 1323 843 1387 iter
870 1323 1004 1407 pedibus
1032 1322 1084 1405 sit,

79 1432 254 1493 mequum
277 1410 407 1474 omnino
427 1431 493 1474 non
511 1410 690 1493 ascendere,
712 1432 784 1475 cum
804 1413 912 1474 autem
931 1432 1022 1495 equo,
1046 1432 1084 1474 ex

81 1519 162 1581 equo
189 1520 256 1562 non
283 1497 485 1580 descendere,
511 1498 602 1562 nullo
629 1460 739 1581 imbri,
765 1498 857 1562 nullo
882 1497 1023 1599 frigore·
1030 1499 1083 1562 ad-

82 1585 167 1669 duci,
193 1589 231 1649 ut
253 1585 359 1670 capite
382 1589 495 1669 operto
519 1585 575 1668 sit,
605 1606 764 1649 summam
787 1607 856 1650 esse
878 1586 914 1649 in
936 1607 974 1650 eo
998 1586 1084 1651 sicci-

81 1678 183 1738 tatem
206 1673 364 1758 oorporis,
391 1673 500 1755 itaque
527 1673 636 1737 omnia
663 1672 777 1756 exequi
803 1673 890 1759 regis
918 1673 1025 1738 officia
1051 1677 1084 1737 et

56 1841 59 1847 ¹
80 1783 222 1826 munera.
252 1760 366 1825 Potest
380 1760 481 1845 igitur
500 1760 686 1826 exercitatio
705 1765 738 1824 ιι
755 1761 972 1846 temperantia
986 1761 1084 1825 etiam

80 1850 115 1912 in
137 1852 301 1914 senectute
324 1870 513 1913 conservare
537 1849 659 1931 aliquid
681 1848 811 1932 pristini
834 1849 970 1914 roboris.

146 1935 222 2001 Non
236 1936 361 2000 suntin
375 1939 538 2000 senectute
552 1936 646 2001 vires.
673 1935 724 2000 Ne
733 1937 941 2021 postulantur
955 1936 1085 2019 quidem
1096 1943 1135 2006 11

80 2024 166 2089 vires
189 2047 209 2088 a
232 2027 403 2088 senectute.
439 2023 529 2109 Ergo
552 2029 585 2088 ιι
606 2025 734 2109 legibus
758 2028 790 2088 ιι
809 2024 971 2089 institutis
989 2025 1085 2089 vacat

81 2116 171 2176 aetas
188 2116 302 2176 nostra
320 2112 504 2176 muneribus
523 2112 572 2191 iis,
591 2134 673 2196 quae
690 2134 757 2176 non
774 2116 912 2196 possunt
929 2111 996 2176 sine
1011 2111 1085 2176 viri-

80 2200 141 2265 bus
165 2199 324 2264 sustineri.
360 2199 474 2283 ltaque
496 2221 563 2265 non
585 2201 690 2283 modo,
713 2200 799 2283 quod
820 2222 887 2265 non
903 2221 1085 2285 possumus,

81 2289 137 2352 aed
158 2309 199 2352 ne
222 2291 379 2372 quantum
396 2309 567 2372 possumus
587 2288 714 2372 quidem
733 2288 888 2372 cogimur.
924 2287 970 2352 At
989 2287 1084 2352 multi
1102 2307 1136 2357 ιι

80 2377 129 2439 ιιι
151 2379 227 2439 sunt
249 2375 393 2439 inbecilli
417 2396 565 2458 senes,u
566 2376 729 2439 tnullum
752 2375 851 2440 officii
873 2379 931 2440 aut
953 2376 1083 2440 omnino

79 2463 167 2528 ιιιιι
189 2484 305 2527 munus
328 2462 459 2546 exsequi
481 2464 698 2547 possintt
651 2462 698 2526 At
720 2462 753 2526 id
775 2463 903 2546 quidem
925 2485 991 2527 non
1013 2485 1085 2547 pro·

79 2551 187 2635 prium
210 2551 384 2615 senectutis
404 2549 520 2615 vitium
538 2553 597 2633 eat,
620 2550 676 2614 sed
694 2571 862 2614 commune
880 2551 1084 2616 valetudinis.

80 2637 184 2713 Quam
200 2637 264 2702 fuit
282 2638 452 2703 rnbecrllus
470 2637 505 2702 P
524 2600 670 2702 Africani
688 2636 816 2720 filius,
806 2659 835 2701 rs
854 2638 910 2720 qui
931 2641 965 2701 ιι
988 2639 1084 2722 adop·

79 2726 177 2809 tavit,
204 2748 301 2809 quam
324 2725 415 2790 tenui
437 2729 494 2790 aut
516 2725 607 2788 nulla
628 2723 737 2825 potius
763 2725 960 2789 valetudine!
992 2724 1083 2798 Quod

78 2813 114 2877 ni
136 2813 184 2877 ita
205 2813 330 2898 fuisset,
307 2814 401 2878 ιιι]
387 2817 492 2877 terum
514 2812 596 2876 illud
618 2812 709 2876 extit
700 2812 911 2876 1ssettlumen
928 2811 1084 2896 civitatis3

81 2901 122 2964 ad
144 2905 314 2985 paternam
337 2902 422 2965 enim
444 2900 701 2986 magnitudinem
724 2899 823 2964 animi
846 2899 992 2964 doctrina
1009 2900 1085 2965 ube·

79 2988 147 3052 rior
169 2993 357 3054 accesserat.
399 2987 482 3064 Quid
504 2989 622 3053 mirum
644 2989 746 3074 igitur
767 2989 804 3051 in
825 2987 964 3071 senibus,
988 2987 1016 3051 ιι
1038 2989 1084 3051 in-

78 3076 165 3139 firmi
188 3078 254 3141 sint
277 3078 465 3161 aliquando,
492 3099 565 3143 cum
592 3077 626 3140 id
647 3098 688 3140 ne
712 3075 931 3140 adulescentes
955 3075 1084 3158 quidem

79 3164 220 3249 effugere
248 3166 397 3249 possint?
441 3164 683 3247 Resistendum,
709 3162 800 3228 Laeli
828 3167 861 3227 et
887 3161 1007 3247 Scipio,
1038 3185 1084 3228 se-

77 3253 202 3317 nectuti
221 3257 279 3336 est,
301 3254 432 3336 eiusque
451 3253 531 3317 vitia
549 3251 720 3338 diligentia
737 3252 975 3336 compensanda
994 3257 1083 3335 sunt3

45 3362 49 3367 ·
77 3341 287 3424 pugnandum
300 3345 467 3424 tamquam
486 3345 600 3406 contra
622 3341 809 3404 morborum
826 3340 892 3404 vim
911 3340 956 3404 sic
970 3344 1084 3405 contra

78 3431 285 3512 senectutem,
303 3429 451 3494 habenda
465 3429 549 3493 ratio
568 3427 771 3510 valetudinis,
789 3428 943 3492 utendum
967 3429 1083 3493 exerci·
1102 3444 1137 3495 ιι

77 3516 257 3581 tationibus
272 3517 414 3603 modicis,
434 3520 563 3582 tantum
577 3516 640 3581 cibi
654 3519 687 3580 ιι
700 3515 842 3600 potionis
857 3516 1084 3603 adhibendum,
