2446 3944
512 218 564 264 ss-
609 181 675 247 202
719 216 764 228 -

142 345 236 406 tanta
258 341 307 406 vis
332 345 394 425 est,
416 343 453 405 ut
475 362 516 405 ne
533 339 584 404 illi
607 339 750 423 quidem,
773 339 829 423 qui
847 339 1007 405 maleficio
1030 343 1063 404 et
1081 361 1149 406 sce·

142 431 209 494 lere
235 433 421 514 pascuntur,
453 428 580 512 possint
612 428 681 492 sine
712 429 781 492 ulla
812 428 974 511 particula
1001 428 1148 493 iustitiae

141 518 257 583 vivere.
302 516 388 581 Nam
407 517 463 600 qui
486 538 597 581 eorum
615 515 768 600 cuipiam,
788 515 844 598 qui
866 537 931 579 una
953 517 1148 581 latrocinan-

142 609 205 688 tur,
227 605 355 670 furatur
379 604 502 687 aliquid
525 607 581 668 aut
604 603 714 688 eripit,
732 604 760 667 is
781 603 843 666 sibi
861 625 903 667 ne
921 603 956 667 in
973 604 1146 668 latrocinio

143 693 273 777 quidem
299 693 453 776 relinquit
480 692 600 774 locum,
628 692 686 754 ille
714 695 837 774 autem,
864 691 921 774 qui
949 691 1148 776 archipirata

143 782 270 863 dicitur,
288 781 352 844 nisi
371 780 585 864 aequabiliter
602 779 756 862 praedam
775 779 956 862 dispertiat,
975 783 1032 842 aut
1050 780 1149 842 inter·

143 869 270 933 ficiatur
297 890 318 932 a
348 869 444 934 sociis
477 871 533 933 aut
564 867 779 950 relinquatur,
816 866 895 949 quin
925 867 1025 930 etiam
1057 867 1147 952 leges

142 957 308 1022 latronum
335 978 406 1020 esse
433 957 590 1038 dicuntur,
618 955 734 1037 quibus
757 958 908 1039 pareant,
936 976 1015 1037 quas
1040 955 1148 1019 obser-

142 1049 228 1111 vent.
260 1044 375 1127 Itaque
397 1047 531 1128 propter
549 1042 751 1125 aequabilem
773 1042 912 1126 praedae
934 1042 1148 1126 partitionem

143 1137 176 1198 et
198 1131 349 1197 Bardulis
372 1131 504 1214 Illyrius
527 1131 622 1212 latro,
645 1129 684 1194 de
707 1151 771 1214 quo
795 1133 844 1193 est
868 1130 953 1213 apud
967 1129 1148 1215 Theopom-

142 1243 233 1305 pum,
256 1241 392 1304 magnas
416 1241 493 1302 opes
511 1217 627 1282 habuit
650 1221 683 1281 et
700 1218 805 1281 multo
824 1218 962 1282 maiores
976 1217 1146 1282 Viriathus

142 1308 331 1390 Lusitanus3
355 1307 406 1372 oui
429 1306 557 1390 quidem
580 1305 679 1369 etiam
703 1305 861 1369 exercitus
885 1306 990 1370 nostri
1007 1306 1148 1390 impera-

142 1400 294 1479 toresque
322 1397 500 1478 cessenmt3
528 1416 623 1477 quem
651 1391 684 1458 O.
707 1392 852 1476 Laelius,
879 1393 907 1457 is
932 1395 987 1477 qui
1010 1391 1146 1478 Sapiens

143 1486 331 1568 usurpatur,
349 1485 482 1566 praetor
498 1481 598 1567 fregit
621 1485 654 1545 et
673 1481 862 1546 comminuit
880 1481 1147 1565 ferocitatemque

143 1572 211 1636 eius
238 1571 287 1635 ita
313 1570 480 1655 repressit,
506 1574 544 1633 ut
570 1568 665 1634 facile
692 1570 815 1633 bellum
837 1570 971 1653 reliquis
993 1569 1147 1633 traderet.

144 1658 225 1725 (lum
247 1658 350 1744 igitur
373 1661 467 1722 tanta
486 1658 536 1722 vis
559 1657 704 1722 iustitiae
728 1657 780 1740 sit,
802 1660 839 1720 ut
802 1679 901 1720 uea
924 1657 1024 1721 etiam
1046 1657 1148 1721 latro-

143 1769 221 1810 num
241 1767 318 1829 opes
335 1746 443 1809 firmet
429 1749 559 1846 totque
578 1748 710 1830 augeat,
724 1749 825 1829 quant
827 1767 879 1808 am
895 1745 962 1808 eius
976 1745 1042 1810 vim
1061 1745 1149 1808 inter

38 1879 134 1942 12
113 1834 233 1941 2leges
258 1837 290 1897 et
313 1832 431 1897 iudicia
454 1833 514 1896 et
505 1855 540 1896 1n
562 1795 740 1897 constituta
758 1832 943 1916 republica
964 1832 1148 1917 foretputa·

89 1956 124 2004 41
144 1921 237 1985 mus?
283 1919 365 1983 Mihi
393 1920 522 2003 quidem
549 1941 615 1983 non
642 1920 727 2004 apud
749 1919 861 1984 Medos
889 1921 1008 2004 solum,
1035 1924 1073 1984 ut
1100 1920 1148 1984 ait

142 2007 341 2091 Herodotus,
370 2007 480 2071 sedt
448 2007 547 2071 etiarn
575 2007 660 2091 apud
686 2007 825 2071 maiores
847 2011 976 2071 nostros
999 2008 1145 2072 iustitiae

142 2095 296 2159 fruendae
319 2116 417 2159 causa
438 2095 549 2159 vident
550 2117 589 2158 ur
611 2094 690 2158 olim
712 2095 794 2159 bene
816 2095 936 2159 morati
959 2116 1052 2180 reges
1072 2118 1147 2160 oon-

144 2182 260 2247 stituti.
295 2180 382 2246 Nam
397 2204 469 2247 oum
491 2186 693 2265 premeretur
714 2182 807 2266 inops
831 2183 1007 2247 multitudo
1031 2184 1072 2247 ab
1095 2184 1146 2268 iis,

143 2269 1147 2424 11131131311111111111311111111

142 2445 320 2528 tenuiores,
343 2381 504 2528 aedhitate
527 2379 752 2509 constitdenda
770 2381 914 2511 auriirnos
933 2469 1005 2511 cum
1022 2445 1143 2510 infimis

143 2533 214 2618 pari
231 2533 300 2596 iure
319 2533 488 2597 retinebat.
517 2531 703 2615 Eademque
721 2533 1018 2598 constituendarum
1035 2534 1144 2618 legum

89 2637 124 2686 42
142 2620 205 2685 fuit
228 2643 338 2704 causa,
366 2641 448 2704 quae
475 2641 597 2705 regum.
641 2620 696 2685 Ius
719 2620 805 2685 enim
828 2642 954 2705 semper
977 2624 1026 2684 est
1049 2643 1146 2705 quae·

144 2709 243 2773 situm
271 2708 454 2791 aequabile3
480 2730 583 2791 neque
611 2708 696 2772 enim
724 2709 819 2772 aliter
844 2712 930 2773 esset
951 2708 1013 2772 ius.
1056 2708 1094 2772 Id
1118 2709 1147 2773 si

143 2798 184 2862 ab
207 2818 272 2862 uno
299 2797 386 2861 iusto
414 2799 447 2860 et
473 2797 559 2861 bono
586 2796 657 2860 viro
680 2797 969 2880 consequebantur,
991 2800 1085 2860 erant
1107 2819 1146 2861 eo

143 2884 301 2968 contenti3
338 2907 410 2949 cum
441 2883 475 2947 id
501 2883 606 2947 minus
635 2883 849 2969 contingeret,
880 2884 970 2969 leges
998 2889 1074 2948 sunt
1100 2885 1147 2948 in·

142 2977 271 3056 ventae,
299 2993 382 3055 quae
409 2994 482 3036 cum
505 2971 655 3035 omnibus
679 2993 805 3054 semper
827 2994 891 3036 una
914 2976 1012 3056 atque
1035 2971 1147 3036 eadem

142 3082 221 3125 voce
244 3060 461 3143 loquerentur.
505 3058 595 3144 Ergo
623 3059 684 3123 hoo
707 3058 835 3142 quidem
858 3060 1064 3143 perspicuum
1087 3064 1148 3143 est,

143 3169 198 3211 eos
222 3148 263 3211 ad
284 3146 508 3230 imperandum
532 3146 632 3231 deligi
654 3146 782 3231 solitos,
802 3169 937 3230 quorum
959 3148 997 3211 de
1020 3147 1149 3213 iustitia

142 3255 264 3318 magna
286 3238 372 3298 esset
399 3234 509 3318 opinio
536 3233 762 3298 multitudinis.
807 3235 969 3300 Adiuncto
991 3257 1083 3318 vero,
1110 3239 1149 3298 ut

141 3321 227 3384 idem
260 3321 358 3385 etiam
389 3322 563 3406 prudentes
595 3321 806 3405 haberentur,
838 3322 920 3386 nihil
948 3327 1032 3407 erat,
1061 3323 1149 3406 quod

142 3407 290 3473 homines
313 3408 354 3471 iis
378 3409 563 3474 auctoribus
586 3431 652 3475 non
674 3431 769 3492 posse
788 3409 940 3493 consequi
959 3431 992 3475 se
1012 3410 1150 3475 arbitra-

61 3498 118 3711 w
142 3499 264 3560 rentur.
310 3494 407 3559 Omni
428 3496 531 3581 igitur
553 3497 679 3562 ratione
698 3497 832 3563 colenda
854 3501 887 3562 et
909 3498 1078 3563 retinenda
1100 3499 1150 3564 iu-
