2446 3944
544 203 783 268 -514-

159 370 216 431 aut
238 366 279 430 ad
299 369 450 429 naturam
469 369 525 428 aut
543 367 656 429 contra
675 363 731 446 sit,
754 386 774 428 a
790 366 908 428 natura
928 363 1001 447 ipsa
1022 365 1173 434 iudicari.

157 455 207 519 Ea
229 453 306 538 quid
329 453 468 536 percipit
490 454 546 517 aut
569 451 646 536 quid
668 451 890 535 iudicat,.quo
914 455 972 515 aut
994 456 1091 536 petat
1108 458 1173 528 ,aut

104 551 139 601 31
158 541 265 625 fugiat
286 540 417 624 aliquid,
439 543 568 625 praeter
589 540 792 622 voluptatem
816 542 848 604 et
870 538 1039 605 dolorem?
1086 540 1173 608 Sunt

159 634 267 693 autem
298 629 430 712 quidam
461 649 478 692 a
508 627 644 711 nostris,
680 627 734 710 qui
770 626 851 690 haec
883 627 1036 693 subtilius
1068 629 1173 695 velint

157 717 286 781 tradere
310 719 343 780 et
364 719 484 800 negent
502 716 582 780 satis
601 736 683 797 esse,
706 714 782 799 quid
800 715 922 780 bonum
945 715 990 780 sit
1010 720 1070 781 aut
1092 718 1172 801 quid

158 804 295 887 malum,
324 825 419 868 sensu
445 803 594 886 iudicari,
626 803 682 867 sed
710 803 817 867 animo
846 802 945 867 etiam
973 825 1010 869 ac
1043 805 1172 871 ratione

158 892 303 975 intellegi
331 913 426 972 posse
454 895 487 956 et
512 892 714 973 voluptatem
740 891 846 972 ipsam
872 911 930 973 per
957 912 991 956 se
1020 912 1092 957 osse
1118 915 1171 958 ex·

158 980 330 1063 petendam
359 982 391 1043 et
419 979 562 1044 dolorem
589 978 697 1060 ipsum
724 998 784 1061 per
811 998 845 1041 se
873 999 942 1043 essa
970 979 1171 1064 fugiendum.

156 1066 270 1151 Itaque
298 1067 389 1131 aiunt
413 1067 496 1131 hanc
523 1066 616 1150 quasi
643 1065 826 1130 naturalem
849 1069 945 1149 atquc
974 1067 1111 1133 insitam
1134 1069 1169 1134 in

158 1156 274 1219 animis
301 1155 422 1220 nostris
449 1155 555 1218 inesse
581 1153 761 1236 notionem,
787 1157 825 1218 ut
851 1153 989 1218 alterum
1016 1176 1090 1220 essa
1113 1178 1168 1240 ap·

44 1319 46 1324 Ι
156 1242 341 1327 petendum,
383 1243 520 1306 alterum
563 1240 798 1324 aspernandum
844 1241 1032 1307 sentiamus,
1099 1243 1168 1308 Alii

157 1334 277 1413 autem,
300 1330 416 1413 quibus
442 1349 501 1413 ego
526 1328 698 1412 assentior,
721 1351 794 1393 cum
816 1349 837 1392 a
858 1329 1064 1414 philosophis
1083 1353 1167 1396 com·

156 1418 303 1502 pluribus
326 1418 488 1500 permulta
506 1417 666 1500 dicantur,
689 1437 746 1480 cur
761 1437 822 1480 nec
839 1417 990 1501 voluptas
1013 1417 1051 1482 in
1072 1418 1166 1483 bonis

158 1507 201 1570 sit
230 1504 429 1570 numeranda
460 1525 519 1569 neo
549 1504 584 1568 in
614 1503 709 1568 malis
742 1503 848 1587 dolor,
883 1525 948 1568 non
978 1505 1166 1571 existimant

158 1596 306 1677 oportere
332 1593 468 1657 nimium
495 1613 555 1656 nos
584 1613 698 1656 causae
727 1592 899 1675 confidere,
927 1593 984 1656 sed
1011 1597 1047 1658 et
1074 1615 1167 1679 argu-

157 1680 365 1745 mentandum
384 1684 417 1745 et
436 1682 583 1745 accurate
607 1679 827 1744 disserendum
846 1683 879 1744 et
895 1680 1081 1746 rationibus
1096 1703 1167 1747 eon·

157 1769 284 1853 quisitis
318 1768 356 1832 de
388 1768 554 1850 voluptate
582 1771 615 1832 et
643 1766 754 1832 dolore
782 1766 1012 1850 disputandum
1041 1773 1176 1853 putant.

103 1824 147 1948 ἐξ)
224 1855 286 1922 Sed
314 1858 351 1920 ut
377 1855 593 1938 perspicietis,
619 1854 703 1918 unde
731 1855 835 1919 omnis
862 1855 924 1919 iste
950 1859 1051 1920 natus
1080 1879 1169 1923 error

157 1943 201 2006 sit
231 1944 433 2024 voluptatem
465 1942 684 2008 accusantium
720 1942 923 2027 doloremque
954 1943 1169 2030 laudantium,

155 2033 260 2095 totam
282 2051 351 2094 rem
369 2029 512 2112 aperiam
530 2052 630 2114 eaque
648 2031 734 2113 ipsa,
757 2051 838 2113 quae
858 2030 898 2095 ab
918 2029 975 2095 illo
994 2030 1167 2117 inventore

156 2117 304 2181 veritatis
327 2119 360 2180 et
387 2116 479 2199 quasi
506 2118 682 2183 architecto
712 2118 827 2182 beatae
849 2119 935 2182 vitae
963 2117 1053 2183 dicta
1080 2125 1168 2206 sunt,

156 2204 330 2287 explicabo,
379 2203 482 2268 Nemo
511 2206 597 2268 enim
628 2206 733 2289 ipsam
765 2206 978 2289 voluptatem,
1005 2208 1085 2290 quia
1114 2231 1168 2274 vc-

155 2291 264 2375 luptas
292 2291 349 2374 sit,
376 2295 566 2375 aspernatur
598 2297 655 2356 aut
690 2293 758 2357 odit
786 2296 842 2357 aut
868 2292 968 2377 fugit,
1001 2294 1060 2359 sed
1093 2297 1171 2380 quia

157 2383 394 2463 consequuntur
421 2380 532 2464 magui
560 2380 686 2445 dolores
714 2402 784 2463 eos,
816 2381 871 2464 qui
897 2381 1023 2446 ratione
1055 2383 1169 2468 volup·

156 2471 258 2531 tatem
281 2467 371 2550 sequi
392 2469 553 2551 nesciunt;
577 2490 680 2550 neque
699 2483 796 2550 porro
820 2468 991 2552 quisquam
1014 2474 1080 2550 est,
1113 2473 1189 2557 qui'

156 2555 301 2620 dolorem
336 2555 456 2638 ipsum,
494 2556 569 2639 quia
601 2555 693 2619 dolor
725 2555 780 2640 sit,
817 2559 917 2638 amet,
953 2563 1169 2644 consectetur,

158 2642 294 2726 adipisci
316 2643 407 2724 velit,
431 2641 486 2707 sed
509 2643 673 2726 quianon
689 2665 866 2726 numquam
884 2643 952 2708 eius
972 2646 1064 2710 modi
1086 2650 1168 2711 tem-

155 2751 234 2812 pora
261 2728 419 2813 incidunt,
446 2733 483 2794 ut
509 2730 620 2795 labore
648 2733 680 2794 et
707 2729 817 2795 dolore
841 2752 995 2814 magnam
1023 2734 1167 2817 aliquam

156 2821 290 2900 quaerat
319 2817 527 2901 voluptatem.
586 2816 634 2882 Ut
669 2818 755 2882 enim
788 2817 828 2882 ad
861 2818 997 2883 minima
1029 2823 1167 2906 veniam,

156 2905 227 2987 quis
254 2907 402 2968 nostrum
430 2904 693 2970 exercitationem
721 2906 823 2970 ullam
850 2907 995 2988 corporis
1029 2910 1167 2994 suscipit

155 2992 367 3074 laboriosam,
397 2992 460 3056 nisi
492 2995 529 3056 ut
561 2992 682 3077 aliquid
719 3015 758 3057 ex
790 3015 827 3058 ea
860 2994 1019 3058 commodi
1058 3018 1166 3063 conse·

156 3080 295 3163 quatur?
323 3080 392 3164 quis
421 3082 529 3144 autem
556 3081 608 3144 vel
636 3102 708 3144 eum
736 3081 804 3145 iure
826 3081 1084 3168 reprehenderit,
1112 3084 1166 3169 qui

156 3168 191 3231 in
214 3189 252 3232 ea
274 3169 439 3250 voluptate
462 3167 541 3231 velit
563 3189 647 3251 esse,
672 3189 769 3251 quam
791 3169 873 3234 nihil
896 3169 1069 3236 molestias
1092 3193 1165 3236 con·

157 3259 324 3338 sequatur,
356 3255 408 3318 vel
438 3255 546 3338 illum,
578 3256 634 3339 qui
667 3255 812 3321 dolorem
844 3277 917 3320 eum
948 3257 1073 3342 fugiat,
1104 3280 1164 3344 quo

105 3359 137 3406 33
157 3343 308 3425 voluptas
330 3342 421 3406 nulla
443 3342 610 3427 pariatur?
659 3342 706 3406 At
728 3366 803 3409 vero
833 3365 887 3409 eos
916 3347 948 3409 et
977 3366 1165 3411 accusamus

159 3431 192 3492 et
210 3429 296 3494 iusto
316 3431 389 3495 odio
409 3430 616 3514 dignissimos
637 3430 793 3514 ducimus,
816 3433 871 3516 qui
889 3432 1058 3499 blanditiis
1077 3455 1165 3518 prae

69 3526 113 3704 t
159 3517 298 3582 sentium
338 3517 543 3601 voluptatum
585 3518 716 3583 deleniti
757 3523 853 3603 atque
890 3521 1051 3607 corrupti,
1087 3541 1165 3607 quos
