2446 3944
446 186 685 252 -551-

64 345 200 412 Graecia
226 346 392 412 verissime
420 346 538 430 dicere3
563 369 640 411 nam
668 349 700 412 11
726 348 798 432 ipsa
820 348 1062 432 Peloponnesus

37 480 39 484 s
64 435 131 499 fere
153 437 224 498 tota
245 434 280 498 in
302 434 384 498 mari
407 438 469 517 est,
490 433 494 516 Ι
514 455 573 500 nec
594 438 723 518 praeter
744 434 927 500 Phliuntios
952 437 992 515 [p.
1011 449 1062 498 228

65 521 124 585 ulli
147 525 230 604 sunt,
255 542 391 603 quorum
414 521 486 606 agri
506 543 572 586 non
593 522 783 606 contingant
801 546 897 607 mare,
921 526 953 587 et
972 525 1063 586 extra
1172 523 1173 528 ’

64 608 322 693 Peloponnesum
345 608 505 672 Aenianes
529 612 561 673 11
583 608 680 673 Doris
704 613 736 672 11
757 608 901 693 Dolopes
924 610 987 674 soli
1010 610 1064 674 ab·

66 700 142 760 sunt
173 719 193 760 a
224 696 315 760 mari.
364 694 447 771 Quid
479 696 584 761 dicam
614 695 738 760 insulas
771 695 944 762 Graeciae?
981 719 1063 782 quae

45 783 215 848 'fluctibus
243 784 365 848 cinctae
391 786 506 848 natant
532 805 633 868 paene
660 784 750 868 ipsae
775 784 871 848 simul
895 807 967 849 cum
990 784 1064 850 civi·
1131 837 1133 844 .

64 875 170 935 tatum
192 871 351 935 institutis
375 875 408 935 11
430 870 582 936 moribus.
622 870 730 954 Atque
752 872 832 935 haec
856 871 997 956 quidem,
1026 874 1064 935 ut
1082 886 1098 934 9

66 981 164 1042 supra
191 958 269 1040 dixi,
300 959 419 1023 veteris
447 962 522 1023 sunt
545 958 706 1024 Graeciae.
752 957 959 1024 Coloniarum
986 981 1063 1024 vero

66 1068 148 1131 quae
176 1050 225 1110 est
252 1046 387 1110 deducta
414 1069 434 1110 a
456 1045 563 1112 Graiis
589 1046 623 1110 in
645 1045 773 1130 Asiam,
801 1046 973 1129 Thracam,
1000 1045 1065 1110 Ita·

66 1135 157 1217 liam,
193 1132 349 1217 Siciliam,
385 1133 530 1199 Africam
564 1137 694 1218 praeter
725 1156 822 1198 unam
853 1133 1064 1219 Magnesiam,

66 1243 162 1305 quam
189 1222 275 1286 unda
295 1243 362 1286 non
385 1221 517 1286 adluat?
548 1220 601 1286 Ita
623 1222 836 1286 barbarorum
859 1222 947 1306 agris
972 1221 1065 1304 quasi

66 1310 197 1374 adtexta
221 1309 225 1392 Ι
251 1309 407 1392 quaedam
433 1310 560 1374 videtur
587 1331 644 1373 ora
671 1331 740 1373 csse
764 1308 930 1393 Graeciae3
954 1310 993 1388 [p.
1012 1324 1063 1373 229

64 1418 141 1460 nam
168 1418 185 1459 1
206 1397 354 1460 barbaris
378 1396 505 1478 quidem
527 1396 607 1480 ipsis
629 1396 713 1460 nulli
735 1400 827 1462 erant
850 1400 947 1462 antea
970 1396 1064 1460 mari-

65 1483 149 1548 tumi
165 1487 293 1567 praeter
306 1483 461 1548 Etruscos
476 1487 509 1547 11
521 1482 656 1567 Poenos,
675 1484 770 1548 alteri
784 1485 946 1550 mercandi
959 1505 1065 1566 causa,

66 1570 280 1635 latrocinandi
306 1570 409 1635 alteri.
454 1569 542 1645 Quae
571 1593 667 1636 causa
693 1573 862 1656 perspicua
890 1576 939 1636 111
965 1573 1065 1636 malo-

66 1679 137 1722 rum
173 1659 523 1743 commutationumque
555 1658 707 1724 Graeciae
742 1663 876 1744 propter
911 1681 949 1724 11
984 1659 1066 1724 vitia

66 1745 302 1810 maritimarum
323 1745 461 1829 urbium,
485 1769 566 1829 quae
586 1749 662 1810 ante
680 1748 777 1830 paulo
796 1747 994 1831 perbreviter
1012 1747 1065 1811 ad-

66 1834 136 1918 tigi.
181 1830 244 1897 Sed
269 1837 380 1897 tamen
406 1833 441 1898 in
467 1833 518 1897 his
541 1833 630 1898 vitiis
652 1834 737 1898 inest
759 1835 818 1898 illa
839 1856 959 1920 magna
981 1856 1065 1900 com-

67 1920 218 2004 moditas,
250 1923 295 2003 et,
328 1920 413 2003 quod
441 1921 560 2003 ubique
591 1921 765 2006 genitum!
790 1925 853 2005 est,
884 1926 921 1987 111
953 1924 993 2002 [p.
1012 1938 1064 1987 230

67 2009 108 2072 ad
130 2030 201 2073 eam
219 2009 341 2092 urbem,
365 2030 461 2091 quam
478 2009 610 2092 incolas,
630 2010 736 2093 possit
754 2009 879 2093 adnare,
903 2013 936 2074 11
953 2031 1064 2075 rursus

65 2101 102 2160 ut
131 2096 176 2182 id,
206 2096 291 2179 quod
318 2096 390 2182 agri
412 2097 547 2161 efferant
569 2097 632 2180 sui,
660 2118 875 2179 quascumque
902 2097 1004 2162 velint
1029 2098 1065 2161 in

65 2187 178 2268 terras,
201 2187 333 2269 portare
354 2184 482 2268 possint
504 2207 541 2250 ac
564 2185 702 2249 mittere.

131 2271 192 2347 Qui
223 2273 331 2356 potuit
361 2272 462 2356 igitur
492 2272 629 2337 divinius
659 2275 692 2336 11
719 2271 879 2336 1111111111
906 2272 1065 2355 conplecti
1083 2243 1117 2368 ᾖ)

66 2360 247 2423 maritimas
265 2358 423 2423 Romulus
446 2363 479 2422 et
498 2359 580 2424 vitia
597 2359 709 2441 vitare,
732 2380 829 2441 quam
848 2358 934 2441 quod
951 2359 1064 2423 urbem

65 2445 214 2529 perennis
238 2447 341 2510 amnis
365 2449 398 2510 11
420 2446 599 2529 aequabilis
623 2449 655 2508 et
677 2445 712 2508 in
733 2467 821 2510 mare
844 2446 910 2509 late
933 2445 1065 2509 influen-

65 2533 109 2597 tis
140 2532 249 2616 posuit
279 2532 315 2595 in
344 2533 437 2616 ripa?
470 2554 532 2615 quo
564 2534 676 2617 posset
706 2533 784 2596 urbs
814 2536 847 2597 11
875 2532 1017 2617 accipere
1045 2555 1066 2598 a

66 2620 157 2702 mari,
171 2641 234 2702 quo
249 2622 367 2704 egeret,
381 2623 414 2683 11
427 2620 567 2704 reddere,
581 2641 644 2703 quo
658 2619 860 2704 redundaret,
876 2617 881 2707 Ι
897 2642 947 2685 eo·
962 2623 1002 2701 [p.
1012 2636 1064 2685 231

66 2707 200 2789 demque
227 2710 264 2772 ut
286 2706 416 2771 flumine
438 2728 490 2771 res
513 2707 554 2771 ad
576 2708 696 2773 victum
719 2708 904 2791 cultumque
926 2708 1064 2773 maxime

65 2793 261 2859 necessarias
287 2815 353 2858 non
379 2795 485 2858 solum
512 2795 594 2859 mari
620 2794 855 2879 †absorberet‚
882 2795 938 2859 sed
965 2795 1065 2861 etiam

64 2882 208 2947 invectas
227 2881 385 2965 acciperet
403 2903 441 2946 ex
459 2885 555 2967 terra,
577 2886 614 2946 ut
632 2882 713 2948 mihi
730 2883 796 2947 iam
814 2887 884 2947 tum
903 2883 1064 2948 divinasse

63 2970 121 3034 ille
143 2969 290 3034 videatur
311 2969 396 3034 hanc
417 2970 530 3034 urbem
552 2970 659 3035 sedem
682 2970 854 3054 aliquando
878 2974 911 3034 11
933 2971 1064 3036 domum

65 3079 190 3122 summo
221 3078 290 3121 1111
317 3056 451 3140 imperio
478 3058 712 3142 praebituram
742 3080 820 3122 nam
846 3056 929 3123 hano
956 3080 1063 3124 rerum

64 3148 191 3209 tantam
222 3144 402 3229 potentiam
432 3166 499 3209 non
528 3145 628 3209 ferme
659 3145 787 3210 facilius
814 3145 882 3210 ulla
909 3145 943 3210 in
969 3150 1062 3230 parte

62 3231 179 3297 Italiae
200 3232 309 3314 posita
330 3233 406 3295 urbs
429 3236 537 3297 tenere
558 3232 727 3316 potuisset.

129 3319 228 3384 Urbis
248 3322 356 3384 autem
375 3319 476 3402 ipsius
494 3321 605 3385 nativa
621 3317 1060 3407 ρι111111111111111[ρ.211
1081 3301 1113 3424 ᾗ

64 3411 133 3472 tam
155 3407 329 3493 neglegens
353 3407 408 3490 qui
429 3427 495 3471 non
516 3408 636 3472 habeat
654 3408 761 3473 animo
779 3411 894 3473 notata
912 3429 948 3474 oc
965 3410 1061 3493 plane

61 3495 215 3581 cognita?
238 3495 327 3559 cuius
350 3495 379 3557 is
402 3498 452 3558 est
474 3498 597 3560 tractus
616 3495 793 3580 ductusque
812 3497 896 3560 muri
914 3519 986 3562 cum
999 3498 1062 3561 Ro·
