2446 3944
463 175 704 240 -151—

82 340 131 406 ad
152 339 380 424 periculum,
403 339 436 404 si
459 361 526 405 sua
548 339 779 425 cupiditate,
804 361 881 405 non
906 340 1088 406 utilitate

83 429 276 492 communi
307 427 529 511 inpellitur,
565 427 748 493 audaciae
783 428 916 514 potius
952 443 1089 494 nomen

83 515 226 580 habeat
250 536 361 598 quam
383 513 654 579 fortitudinis?
686 514 801 598 Itaque
819 516 907 582 viros
929 516 1032 582 fortes
1055 520 1089 582 et

84 601 310 687 magnanimos
331 601 459 667 eosdem
478 603 581 681 bonos
601 606 633 667 et
652 603 829 687 simplices,
842 604 991 669 veritatis
1010 604 1088 669 ami·

82 712 139 756 cos
162 690 356 774 minimeque
383 690 516 756 fallaces
545 711 615 755 esse
642 692 806 775 volumus3
838 713 920 775 quae
947 695 1023 757 sunt
1050 713 1089 756 ex

84 777 190 843 media
216 777 311 842 laude
338 778 492 843 iustitiae.
537 775 600 842 Sed
626 777 708 844 illud
736 779 882 844 odiosum
905 783 971 865 est,
1002 780 1089 864 quod
1107 793 1140 845 64

83 867 119 931 in
140 866 202 931 hac
225 866 366 931 elatione
389 870 422 931 et
445 865 668 951 magnitudine
691 866 791 931 animi
813 866 968 933 facillime
990 867 1088 954 perti·

82 954 178 1018 nacia
205 958 239 1018 et
265 954 366 1019 nimia
393 954 552 1039 cupiditas
581 954 782 1039 principatus
809 954 997 1021 innascitur.
1041 954 1089 1022 Ut

83 1042 170 1107 enim
194 1042 279 1127 apud
296 1041 467 1107 Platonem
490 1045 553 1126 est,
576 1064 721 1107 omnem
744 1063 886 1107 morem
899 1041 1089 1109 Lacedae·

83 1129 297 1194 moniorum
328 1129 613 1195 inflammatum
645 1151 728 1195 csse
760 1130 976 1214 cupiditate
1008 1132 1089 1196 vin·

83 1217 207 1301 cendi,
239 1217 299 1302 sic,
330 1222 367 1282 ut
395 1218 529 1302 quisque
558 1218 657 1283 animi
684 1218 907 1304 magnitudine
939 1240 1088 1284 maxume

84 1305 235 1388 excellet,
252 1304 301 1371 ita
319 1327 467 1370 maxume
490 1306 562 1370 vult
579 1306 729 1391 princeps
747 1306 891 1371 omnium
909 1307 961 1370 vel
979 1306 1088 1390 potius

83 1394 174 1457 solus
198 1414 276 1458 esse.
320 1393 462 1458 Difficile
486 1397 594 1458 autem
619 1397 681 1476 est,
704 1415 776 1458 cum
799 1397 965 1478 praestare
989 1394 1089 1458 omni·

82 1481 146 1545 bus
168 1481 380 1565 concupieris,
399 1503 527 1546 servare
546 1482 756 1565 aequitatem,
775 1503 856 1565 quae
875 1485 925 1545 est
942 1481 1088 1546 iust'tiae

83 1590 233 1633 maxume
254 1569 396 1654 propria.
436 1568 486 1635 Ex
509 1590 572 1652 quo
595 1570 646 1652 fit,
668 1572 706 1633 ut
727 1589 830 1652 neque
854 1568 1088 1654 disceptatione

83 1657 170 1721 vinei
197 1678 232 1721 se
258 1677 317 1722 nec
343 1658 412 1722 ullo
436 1657 566 1742 publico
590 1678 627 1722 ac
649 1656 797 1741 legitimo
820 1656 889 1721 iure
912 1657 1089 1742 patiantur,

73 1745 291 1828 ‚existuntque
326 1745 361 1808 in
391 1767 426 1809 re
458 1744 589 1829 publica
619 1745 809 1829 plerumque
844 1745 1019 1830 largitores
1056 1749 1090 1811 et

83 1832 227 1915 factiosi,
248 1835 286 1896 ut
309 1854 386 1917 opes
410 1854 508 1916 quam
525 1853 693 1897 maxumas
712 1837 949 1916 consequantur
972 1837 1005 1898 et
1024 1833 1090 1899 sint

83 1920 118 1985 vi
147 1920 256 2004 potius
286 1921 467 2004 superiores
498 1942 595 2004 quam
625 1920 751 1985 iustitia
779 1942 883 2006 pares.
936 1918 998 1985 Sed
1026 1943 1088 2004 quo

85 2008 263 2091 difficilius,
284 2008 346 2074 hoc
368 2009 580 2094 praeclarium
611 2009 738 2074 nullum
765 2009 851 2072 enim
878 2012 936 2079 est,
951 2012 1089 2093 tempus,

85 2097 172 2179 quod
193 2096 320 2160 iustitia
342 2118 457 2162 vacare
480 2097 604 2161 debeat.
639 2096 754 2161 Fortes
777 2096 878 2182 igitur
901 2100 934 2161 et
956 2117 1088 2182 magna·
1107 2110 1143 2160 cc

83 2183 165 2248 nimi
188 2188 264 2247 sunt
291 2184 445 2267 habendi,
472 2205 538 2249 non
560 2184 615 2268 qui
637 2183 774 2268 faciunt,
801 2185 859 2250 sed
881 2184 936 2268 qui
958 2184 1089 2269 propul-

85 2274 161 2336 sant
182 2272 342 2336 iniuriam.
386 2271 474 2336 Vera
497 2275 605 2337 autem
634 2276 668 2336 et
690 2272 819 2356 sapiens
843 2272 943 2337 animi
966 2271 1089 2357 magni·

87 2359 167 2424 tudo
189 2359 362 2424 honestum
385 2359 480 2443 illud,
508 2359 593 2443 quod
620 2381 768 2424 maxume
795 2363 913 2424 natura
936 2360 1090 2443 sequitur,

86 2447 123 2512 in
144 2447 240 2512 factis
263 2448 419 2533 positum,
441 2469 507 2512 non
528 2448 563 2511 in
586 2447 692 2531 gloria
709 2447 831 2513 iudicat
848 2447 1090 2533 principemque

85 2556 121 2600 se
148 2556 217 2600 esse
245 2536 370 2600 mavult
405 2558 502 2619 quam
530 2533 645 2618 videri3
677 2534 797 2599 etenim
828 2534 884 2618 qui
916 2556 955 2599 ex
982 2556 1090 2599 errore

84 2623 254 2707 imperitae
288 2623 504 2688 multitudinis
536 2623 667 2706 pendet,
702 2623 755 2688 hic
786 2622 821 2686 in
852 2622 980 2708 magnis
1011 2622 1089 2688 viris

84 2731 152 2775 non
179 2715 228 2775 est
253 2710 430 2777 habendus.
478 2709 646 2775 Facillime
674 2713 782 2774 autem
806 2709 847 2773 ad
873 2730 925 2774 res
952 2709 1089 2774 iniustas

84 2798 263 2883 inpellitur,
294 2801 331 2864 ut
366 2799 501 2906 (piisque
534 2796 694 2863 altissimo
729 2797 837 2861 animo
870 2800 933 2888 est,
966 2796 1090 2880 gloriae

85 2886 277 2971 cupiditate3
319 2887 374 2970 qui
409 2888 498 2952 locus
535 2889 585 2950 est
616 2906 693 2949 sane
724 2884 882 2966 lubricus,
915 2883 1002 2966 quod
1036 2883 1091 2947 vix

83 2974 260 3058 invenitur,
293 2975 349 3058 qui
380 2974 547 3039 laboribus
579 2972 737 3057 susceptis
773 2970 989 3057 periculisque
1026 2969 1091 3035 adi-

83 3060 129 3124 tis
160 3082 226 3126 non
257 3063 351 3145 quasi
383 3061 561 3127 mercedem
592 3082 700 3126 rerum
732 3062 899 3145 gestarum
931 3056 1090 3123 desideret

85 3149 293 3302 glorillrliiiino
320 3237 416 3302 fortis
446 3238 572 3302 animus
605 3240 638 3301 et
669 3257 808 3322 magnus
840 3234 964 3302 duabus
994 3235 1090 3299 rebus
1101 3212 1145 3342 23⁰

84 3325 224 3389 maxime
252 3325 401 3408 cernitur,
429 3347 565 3410 quarum
591 3347 656 3389 una
687 3326 723 3389 in
748 3346 857 3388 rerum
885 3326 1091 3388 externarum
1135 3358 1140 3363 ·

84 3411 297 3496 despicientia
319 3414 465 3498 ponitur,
492 3435 564 3479 cum
587 3433 777 3497 persuasum
805 3414 856 3476 est
884 3411 967 3476 nihil
989 3410 1091 3475 homi·

82 3521 173 3584 nem,
195 3501 259 3565 nisi
281 3500 367 3584 quod
389 3501 562 3566 honestum
585 3501 798 3584 decorumque
826 3499 885 3584 sit,
913 3501 969 3563 aut
992 3496 1092 3563 admi-
