2446 3944
468 194 709 259 —227-

82 376 168 438 mus,
196 357 235 419 ut
261 353 460 439 cogitatione
487 353 590 420 tacita
612 378 632 422 e
654 356 829 422 solitudine
852 355 1089 440 abstrahamur,

83 442 123 508 ad
149 442 234 506 hanc
261 441 422 506 scribendi
454 463 586 527 operam
615 465 709 509 omne
742 443 884 508 studium
916 464 1088 527 curamque

83 529 309 595 convertimus.
340 528 455 613 Itaque
473 530 569 614 plura
587 531 679 595 brevi
696 535 843 615 tempore
861 552 974 596 eversa
990 553 1088 615 quam

82 617 195 682 multis
218 617 312 682 annis
336 620 444 682 stante
467 618 656 702 republica
678 617 875 703 scripsimus.

149 703 211 770 Sed
234 727 307 769 cum
328 708 401 769 tota
423 705 640 790 philosophia,
662 706 709 770 mi
732 705 852 791 (licere,
873 705 1031 791 frugifera
1054 676 1123 800 et}

82 793 248 859 fructuosa
273 814 333 858 nec
358 793 428 857 ulla
454 815 531 878 pars
562 793 631 858 eius
662 793 786 858 inculte
814 816 851 859 ac
880 793 1007 858 deserta
1034 794 1088 879 sit,

83 885 154 946 tum
175 881 285 945 nullus
306 881 445 945 feracior
467 881 502 945 in
525 902 562 945 aa
584 881 674 946 locus
697 885 747 945 est
764 903 824 946 nec
841 881 972 946 uberior
990 904 1088 966 quam

84 969 123 1033 de
154 968 282 1047 officiis,
313 991 334 1033 a
365 969 482 1051 quibus
514 971 701 1033 constanter
731 968 930 1053 honesteque
959 970 1088 1035 vivendi

83 1061 256 1141 praecepta
288 1056 455 1121 ducuntur.
501 1054 620 1135 Quare,
652 1078 847 1140 quamquam
879 1079 900 1121 a
931 1055 1087 1140 Cratippo

83 1146 205 1227 nostro,
227 1144 372 1229 principe
394 1144 490 1208 huius
514 1144 688 1209 memoriae
706 1144 986 1229 philosophorum,
1008 1144 1088 1208 haec

84 1237 117 1297 te
140 1232 269 1296 assidue
292 1230 402 1296 audire
426 1234 523 1315 atque
546 1232 690 1317 accipere
713 1232 852 1315 confido,
879 1236 990 1296 tamen
1016 1252 1089 1297 con-

84 1320 197 1385 ducere
224 1320 366 1384 arbitrcr
396 1320 518 1384 talibus
551 1342 644 1385 aures
677 1324 751 1384 tuas
782 1319 916 1385 vocibus
947 1318 1088 1402 undique

84 1408 327 1485 circumsonare,
349 1429 408 1472 nec
430 1429 499 1490 eas,
522 1407 550 1471 si
572 1407 643 1471 fieri
664 1407 782 1492 possit,
806 1407 976 1491 quicquam
1000 1407 1089 1471 aliud

84 1495 202 1560 audire.
238 1493 331 1569 Quod
353 1517 426 1560 cum
448 1495 598 1560 omnibus
622 1498 672 1558 est
692 1495 883 1578 faciendum,
907 1496 962 1579 qui
984 1495 1122 1562 vitame

83 1583 255 1648 honestam
276 1581 403 1668 ingredi
426 1583 588 1668 cogitant,
610 1585 681 1647 tum
703 1582 790 1647 haud
813 1583 878 1647 scio
902 1605 945 1647 an
966 1581 1089 1647 nemini

82 1671 192 1755 potius
215 1692 313 1754 quam
334 1670 409 1752 tibi,
443 1670 583 1734 sustines
612 1670 696 1734 enim
723 1690 789 1734 non
817 1692 953 1754 parvam
976 1692 1088 1754 expec-

83 1758 240 1823 tationem
267 1757 443 1822 imitandae
470 1757 649 1822 industriae
674 1761 819 1840 nostrae,
851 1778 1005 1843 magnam
1032 1758 1088 1822 ho-

82 1866 208 1929 norum,
229 1867 296 1910 non
317 1845 443 1909 nullam
465 1845 605 1910 fortasse
625 1845 774 1910 nominis.
812 1843 989 1931 Suscepisti
1007 1866 1087 1910 onus

83 1936 252 2017 praeterea
279 1953 377 2018 grave
406 1936 439 1997 et
464 1932 667 1997 Athenarum
695 1936 728 1997 et
749 1932 912 2018 Cratippi,
939 1933 979 1997 ad
1007 1954 1087 2016 quos

85 2043 158 2086 oum
189 2023 357 2104 tamquam
389 2021 430 2085 ad
461 2025 675 2085 mercaturam
706 2021 865 2086 bonarum
896 2021 1015 2085 artium
1042 2021 1087 2084 sis

82 2107 262 2193 profectus,
287 2108 416 2172 inanem
443 2108 547 2172 redire
574 2108 799 2193 turpissimum
826 2111 876 2172 est
898 2108 1087 2174 dedecoran-

83 2201 150 2260 tem
173 2200 206 2261 et
228 2196 319 2260 urbis
342 2196 570 2260 auctoritatem
593 2199 626 2260 et
647 2197 807 2282 magistri.
853 2194 966 2274 Quare,
990 2218 1088 2279 quan·

83 2288 155 2348 tum
178 2283 278 2348 coniti
300 2283 408 2348 animo
430 2286 537 2368 potes,
564 2289 722 2368 quantum
748 2284 859 2348 labore
887 2284 1088 2368 contendere,

83 2371 114 2436 si
140 2370 281 2436 discendi
308 2371 402 2435 labor
428 2374 479 2435 est
504 2371 614 2455 potius
642 2394 741 2456 quam
766 2372 931 2455 voluptas,
958 2375 1088 2435 tantum

64 2458 136 2523 'fac
158 2462 195 2524 ut
218 2458 338 2523 efficias
360 2480 441 2523 neve
464 2458 659 2542 committas,
681 2462 726 2542 ut,
749 2481 821 2522 cum
844 2459 952 2523 omnia
975 2480 1088 2543 suppe-

85 2547 190 2612 ditata
217 2545 283 2610 sint
310 2569 329 2610 a
356 2546 465 2629 nobis,
492 2549 562 2610 tute
589 2546 651 2610 tibi
678 2545 817 2610 defuisse
843 2545 980 2610 videare.
1026 2544 1089 2610 Sed

83 2634 164 2699 haec
191 2634 360 2717 hactenus3
390 2634 496 2698 multa
527 2634 614 2697 enim
646 2654 742 2717 saepe
769 2632 810 2697 ad
837 2635 870 2696 te
897 2633 1089 2698 cohortandi

84 2722 194 2808 gratia
220 2721 421 2805 scripsimus3
452 2742 537 2785 nunc
564 2720 605 2785 ad
634 2721 792 2803 reliquam
818 2722 946 2803 partem
972 2741 1089 2804 propo·

86 2809 168 2873 sitae
192 2809 358 2873 divisionis
381 2811 591 2873 revertamur.
1035 2834 1040 2843 ·

150 2895 324 2960 Panaetius
351 2897 466 2982 igitur,
493 2896 549 2979 qui
577 2897 645 2960 sine
669 2895 888 2960 controversia
911 2894 949 2958 de
973 2894 1087 2960 officiis
1108 2913 1122 2960 v

84 2984 326 3050 accuratissime
339 2984 526 3068 disputavit,
545 3005 703 3068 quemque
718 3005 779 3048 nos
798 2982 994 3048 correctione
1013 3005 1088 3066 qua-

84 3072 160 3136 darn
182 3071 330 3136 adhibita
351 3072 557 3156 potissimum
581 3072 682 3137 secuti
700 3092 819 3154 sumus,
841 3070 948 3135 tribus
967 3071 1088 3156 generi-

82 3161 145 3224 bus
164 3159 350 3245 propositis,
372 3159 407 3223 in
426 3158 542 3243 quibus
556 3160 734 3225 deliberare
748 3158 894 3223 homines
914 3161 947 3222 et
965 3161 1088 3223 consul-

84 3251 155 3312 tare
169 3248 208 3312 de
219 3247 325 3312 officio
336 3248 486 3331 solerent,
499 3269 573 3331 uno,
587 3270 659 3313 cum
669 3247 863 3330 dubitarent,
876 3245 1089 3312 honestumne

84 3335 118 3399 id
145 3339 240 3414 esset,
263 3335 301 3400 de
325 3357 387 3418 quo
416 3339 579 3421 ageretur,
612 3359 653 3400 an
681 3338 788 3419 turpe,
821 3335 938 3420 altero,
968 3335 1088 3401 utilene

85 3427 172 3488 esset
200 3446 242 3488 an
268 3423 397 3506 inutile,
424 3422 536 3502 tertie,
560 3423 587 3487 si
609 3423 656 3508 id,
684 3422 770 3507 quod
793 3423 931 3507 speciem
954 3424 1090 3488 haberet

83 3511 227 3597 honesti,
253 3514 414 3597 pugnaret
436 3533 509 3576 cum
532 3533 583 3592 ec,
605 3511 697 3595 quod
718 3511 798 3576 utile
821 3510 996 3654 111ἑ1311111,
1024 3533 1089 3597 quo
