2446 3944
446 204 687 269 -231-

71 357 199 425 ‘solere'
218 360 323 443 modo,
341 382 407 428 non
425 360 523 425 etiam
542 359 725 446 ‘oporteret
755 360 887 427 Etenim
900 381 967 426 non
979 359 1077 425 modo

70 446 174 532 pluris
196 450 325 532 putare,
352 448 438 530 quod
460 449 540 513 utile
562 449 724 533 videatur,
752 471 849 533 quam
872 449 958 533 quod
980 448 1077 512 hone-

72 539 159 599 stum
181 536 233 620 sit,
256 535 312 599 sed
335 536 433 599 etiam
456 536 536 601 haec
557 537 643 601 inter
662 559 696 602 se
715 558 903 621 comparare
922 539 955 601 et
973 535 1009 601 in
1024 535 1076 600 his

72 622 262 687 addubitare
285 623 510 708 turpissimum
533 628 592 689 est.

138 709 221 785 Quid
243 731 322 796 ergo
346 715 408 795 est,
436 712 522 795 quod
547 734 614 777 non
635 733 812 795 numquam
840 711 1077 778 dubitationem

73 797 197 863 adferre
221 798 326 864 soleat
349 799 678 883 considerandumque
699 800 870 866 videatur?
910 799 1024 884 Credo,
1049 799 1078 864 si

73 886 200 970 quando
224 886 385 951 dubitatio
409 888 539 971 accidit,
567 889 663 971 quale
686 887 729 952 sit
750 888 798 971 id,
825 888 864 953 de
888 910 951 972 quo
975 888 1077 953 consi-

72 975 209 1038 deretur.
236 972 338 1059 Saepe
352 975 437 1039 enim
451 979 597 1059 tempore
610 977 659 1059 fit,
671 978 717 1059 ut,
731 976 818 1058 quod
830 980 925 1060 turpe
938 975 1077 1060 plerum·
1096 991 1130 1041 19

73 1083 135 1146 que
157 1061 271 1127 haberi
293 1064 406 1147 soleat,
428 1063 614 1128 inveniatur
634 1084 701 1127 non
719 1085 789 1127 esse
806 1067 915 1147 turpe3
938 1063 1079 1147 exempli

71 1149 327 1234 ceusa‘ponetur
345 1151 477 1236 aliquid,
496 1151 582 1235 quod
599 1154 712 1236 pateat
730 1151 842 1216 latius:
861 1149 952 1226 Quod
968 1153 1078 1234 potest

71 1239 176 1303 maius
191 1259 261 1302 esse
275 1238 379 1304 scelus
398 1260 495 1321 quam
512 1261 579 1304 non
596 1240 692 1303 modo
711 1239 884 1322 hominem,
903 1238 960 1302 sed
978 1238 1078 1303 etiam

70 1325 265 1390 familiarem
279 1326 444 1391 hominem
459 1326 623 1392 occidere?
655 1326 744 1392 Num
761 1327 863 1412 igitur
877 1348 911 1390 se
926 1326 1078 1390 astrinxit

72 1414 200 1497 scelere,
224 1414 252 1478 si
275 1415 331 1497 qui
353 1419 528 1498 tyrannum
551 1414 668 1480 occidit
692 1415 838 1498 quamvis
860 1413 1077 1480 familiarem?

70 1501 197 1586 Populo
221 1501 350 1585 quidem
370 1502 517 1568 Romano
540 1524 607 1567 non
628 1502 765 1587 videtur,
788 1503 905 1586 quiex
928 1502 1078 1567 omnibus

71 1589 247 1672 praeclaris
269 1589 366 1655 factis
392 1590 475 1654 illud
496 1590 750 1674 pulcherrimum
772 1590 946 1654 existimet.
989 1589 1079 1654 Vicit

72 1697 150 1762 ergo
173 1677 300 1742 utilitas
323 1677 550 1743 honestatem?
586 1678 691 1744 Immo
713 1699 791 1743 vero
814 1677 969 1742 honestas
991 1677 1078 1742 utili-

70 1768 188 1848 tatem3
210 1765 395 1830 honestatem
416 1768 538 1832 utilitas
561 1770 672 1831 secuta
694 1770 753 1831 est.
937 1840 939 1843 .

137 1851 261 1936 Itaque,
285 1856 323 1917 ut
344 1853 413 1918 sine
435 1855 504 1918 ullo
528 1875 635 1919 errore
658 1854 833 1919 diiudicare
854 1853 1026 1939 possimus,
1049 1853 1079 1918 si

70 1939 1077 2114 lltlttl,ll,lullplfisstltttlltffillatterit

73 2115 298 2180 constituenda
321 2121 384 2201 est3
412 2140 508 2201 quam
536 2118 565 2181 si
587 2139 758 2202 sequemur
779 2117 815 2182 in
836 2118 1077 2202 comparatione

69 2225 191 2285 rerum,
221 2204 262 2268 ab
292 2203 399 2270 officio
426 2227 603 2289 numquam
629 2206 823 2273 recedemus.
866 2205 941 2271 Erit
968 2209 1077 2271 autem
1096 2219 1132 2270 20

69 2291 149 2355 haec
166 2290 309 2356 formula
322 2290 504 2357 Stoicorum
522 2293 643 2359 rationi
663 2294 915 2379 disciplinaeque
937 2294 1076 2357 maxime

70 2382 299 2464 consentanea3
322 2403 419 2464 quam
442 2381 572 2464 quidem
594 2381 646 2446 his
669 2383 763 2482 libris
781 2386 955 2466 propterea
966 2380 1077 2482 ⁸sequi·

70 2467 571 2640 ltrrrlltldtlttffqt
592 2468 1099 2645 {lllltddtldjzd

69 2641 263 2726 Academici,
286 2665 369 2726 quae
390 2643 529 2708 honesta
552 2647 636 2725 sunt,
659 2647 899 2728 anteponuntur
920 2643 971 2726 iis,
995 2665 1077 2725 quae

68 2729 220 2794 videntur
242 2731 350 2814 utilia,
378 2735 487 2795 tamen
515 2730 714 2816 splendidius
742 2731 822 2795 haec
845 2728 886 2794 ab
910 2729 956 2794 eis
980 2729 1077 2793 disse

67 2821 193 2903 runtur,
212 2819 338 2902 quibua,
357 2818 509 2903 quicquid
526 2819 700 2883 honestum
716 2823 775 2903 est,
792 2817 876 2881 idem
894 2817 975 2881 utile
993 2817 1077 2881 vide

67 2908 124 2970 tur
145 2927 204 2970 nec
222 2907 303 2971 utile
322 2908 502 2990 quicquam,
526 2907 612 2991 quod
625 2928 696 2971 non
712 2907 894 2988 honestum,
918 2927 1015 2989 quam
1035 2904 1076 2968 ab

67 2993 123 3076 iis,
155 2994 272 3076 quibus
304 2998 337 3058 et
368 2995 542 3059 honestum
570 2994 693 3078 aliquid
725 3016 792 3058 non
822 2992 903 3056 utile
935 2996 968 3056 et
995 2992 1076 3058 utile

66 3102 135 3145 non
160 3081 342 3147 honestum.
393 3081 497 3146 Nobis
525 3086 633 3147 autem
663 3085 776 3146 nostra
803 3080 979 3145 Academia
1010 3103 1076 3145 ma-

68 3189 167 3253 gnam
186 3170 352 3234 licentiam
370 3171 435 3251 dat,
448 3172 494 3254 ut,
509 3171 730 3254 quodcumque
748 3169 888 3233 maxime
906 3169 1075 3253 probabile

66 3261 229 3340 occurrat,
258 3258 292 3322 id
319 3263 432 3323 nostro
460 3258 529 3323 iure
552 3259 649 3323 liceat
673 3258 849 3322 defendere.
894 3255 957 3321 Sed
980 3258 1074 3322 redeo

66 3344 109 3408 ad
130 3345 315 3410 formulam.

132 3433 312 3510 Detrahere
330 3432 433 3519 igitur
451 3434 547 3499 alteri
565 3433 688 3518 aliquid
702 3436 736 3497 et
753 3432 917 3497 hominem
932 3433 1073 3498 hominis
1093 3403 1127 3528 {1

65 3519 270 3585 incommodo
289 3543 384 3587 suum
398 3523 602 3588 commodum
622 3543 740 3606 augere
761 3521 867 3606 magis
887 3526 938 3586 est
961 3525 1074 3587 contra
