2446 3944
538 182 779 247 -468—

148 345 327 411 tintemlter
344 343 485 424 aucense,
508 342 536 423 to
560 342 719 425 protelaret
743 359 772 406 et
791 358 878 422 qeqeo
896 340 969 421 eicie
993 343 1083 423 terte
1103 343 1175 410 see

149 434 298 513 anteitunq
322 433 399 497 einen
413 431 625 515 tititoluptie,
653 431 697 496 bie
723 448 781 496 nur
808 429 928 510 testati
955 431 1176 513 ouqenbtitttitt

149 522 223 603 nicht
240 521 401 602 qetttteot
425 520 585 600 generent
608 519 708 600 mente,
731 519 797 584 neit
819 518 855 598 fic
878 536 917 582 nu
940 517 1004 599 itte
1024 521 1177 586 nerana

150 611 221 692 tute
244 610 485 690 astoricenses
508 608 590 688 [telle.
635 609 704 673 tter
725 607 774 688 Γιὼ
797 625 848 687 aar
870 606 1024 672 araneae
1047 609 1175 684 ualeant,

150 696 221 776 aaut
245 698 313 763 esen
339 698 372 762 ia
398 698 452 762 ten
479 697 588 778 tettan
610 698 681 761 etet
703 694 898 776 tltttotupten
925 714 960 776 3¹1
983 696 1088 777 paule
1118 698 1176 778 trin

152 787 186 870 (Ῑ.
206 787 285 852 sint.
303 782 370 869 10).
414 785 490 866 tium
513 785 569 850 iret
591 803 669 864 meo!
691 795 775 850 menn
797 783 1001 863 mansisset,
1024 785 1098 866 nott
1123 787 1176 851 teu

151 873 481 959 neuerendtobemitern
491 875 561 955 pite
575 881 607 938 ee
617 874 691 938 tsine
703 873 859 953 detrusit.
883 872 950 937 utor
964 872 1060 952 bislee
1076 874 1175 956 tettan

152 964 197 1043 lie,
221 965 282 1029 ben
306 963 433 1043 wahren
456 963 493 1042 lei
516 963 583 1042 itote
602 962 730 1042 &otides
753 959 932 1041 teiqemitctt.
969 961 1111 1045 Buqteirt
1130 964 1174 1028 be:

152 1053 256 1117 tranen
278 1051 323 1132 lie,
347 1049 403 1129 tot
422 1052 475 1115 bno
499 1051 530 1115 in
549 1050 649 1132 tutem
668 1047 766 1114 drabe
785 1048 1034 1130 Qutttqeiotitte
1055 1055 1174 1132 qenstqe,

152 1159 202 1206 un
226 1143 288 1206 tem
311 1139 403 1205 §ieter
427 1139 487 1204 eine
509 1137 605 1218 fidene
628 1138 770 1220 ttitttuuq
793 1155 827 1218 311
851 1137 945 1217 geben.

582 1298 742 1307 ————-

121 1325 142 1477 11
245 1401 326 1468 Cum
350 1402 471 1466 multae
494 1423 545 1466 res
569 1402 603 1466 in
627 1401 835 1486 philosophia
857 1423 1067 1486 nequaquam
1093 1403 1172 1469 satis

156 1490 260 1557 adhuc
288 1490 468 1574 explicatae
495 1491 573 1574 sint,
601 1495 671 1555 tum
698 1488 913 1574 perdifficilis,
936 1490 1057 1576 Brute,
1088 1491 1172 1576 quod

154 1586 192 1645 tu
215 1579 348 1645 minime
371 1580 512 1664 ignoras,
536 1583 569 1644 et
591 1580 788 1664 perobscura
811 1579 958 1662 quaestio
983 1582 1034 1644 est
1058 1580 1100 1644 de
1118 1602 1171 1645 ne-

155 1674 229 1733 tura
259 1669 405 1751 deornm,
433 1689 514 1750 quae
542 1670 575 1731 et
599 1668 639 1732 ad
667 1668 867 1752 agnitionem
895 1667 997 1733 animi
1024 1669 1172 1751 pulcher·

156 1756 239 1821 rima
271 1761 322 1821 est
353 1759 386 1821 et
419 1756 459 1820 ad
494 1756 722 1821 moderandam
754 1755 945 1840 religionem
977 1758 1171 1822 necessaria.

156 1843 205 1909 De
225 1849 375 1929 quatem
394 1845 503 1909 variae
527 1850 604 1909 sunt
622 1844 884 1910 doctissimorum
902 1844 1074 1909 hominum
1094 1850 1172 1912 tam-

158 1954 220 2018 que
239 1933 458 2016 discrepantes
482 1933 671 2016 sententiae,
694 1937 731 1999 ut
750 1954 868 2017 magno
888 1936 1085 2017 argumento
1105 1954 1173 2000 esse

158 2021 276 2085 debeat
289 2042 421 2086 causam
441 2025 474 2084 et
491 2022 684 2105 principium
703 2020 928 2105 philosophiae
944 2043 1016 2086 esse
1034 2021 1172 2088 inscien-

159 2109 253 2193 tiam,
284 2109 521 2193 prudenterque
554 2110 765 2175 Academicos
794 2133 813 2175 a
840 2110 935 2174 rebus
959 2109 1094 2176 incertis
1123 2111 1173 2177 ad·

160 2198 342 2262 sensionem
365 2197 555 2262 cohibuisse.
603 2198 686 2274 Quid
709 2202 759 2264 est
787 2199 872 2263 enim
900 2200 1089 2265 temeritate
1113 2205 1174 2265 tur·

159 2286 254 2370 pius?
280 2289 337 2351 aut
360 2285 437 2370 quid
458 2290 527 2350 tam
545 2288 755 2352 temerarium
773 2290 903 2371 tamque
927 2287 1105 2371 indignum
1128 2310 1173 2353 sa·

160 2374 280 2458 pientis
307 2375 469 2458 gravitate
498 2377 595 2459 atque
623 2376 808 2442 constantia
834 2397 931 2459 quam
963 2383 1021 2440 aut
1054 2377 1174 2443 falsum

162 2463 282 2528 sentire
311 2467 379 2546 aut,
413 2462 507 2547 quod·
525 2485 593 2529 non
619 2464 700 2529 satis
727 2465 895 2547 explorate
917 2470 1111 2549 perceptum
1134 2467 1174 2530 sit

126 2556 195 2622 aet
217 2551 397 2637 cognitum,
427 2551 496 2616 sine
519 2552 587 2617 ulla
610 2553 812 2617 dubitatione
836 2552 1030 2617 defendere?
1078 2553 1176 2620 Velut

161 2641 196 2704 in
217 2640 280 2705 hac
304 2641 492 2725 quaestione
515 2641 677 2726 plerique,
701 2641 788 2725 quod
810 2641 950 2705 maxime
978 2643 1048 2706 veri
1071 2644 1175 2708 simile

162 2732 227 2811 est,
255 2732 287 2793 et
312 2751 376 2813 quo
405 2750 517 2794 omnes
550 2730 629 2794 duce
661 2733 781 2794 natura
807 2731 967 2814 venimus,
1000 2730 1080 2797 deos
1110 2752 1176 2798 esse

163 2817 325 2901 dixerunt,
353 2818 500 2882 dubitare
524 2839 558 2882 se
581 2818 793 2903 Protagoras,
815 2819 924 2883 nullos
948 2839 1020 2884 esse
1045 2822 1175 2886 omnino

162 2905 323 2991 Diagoras
346 2904 461 2971 Melius
486 2910 518 2970 et
537 2906 725 2971 Theodorus
750 2905 946 2990 Cyrenaicus
971 2912 1177 2991 putaverunt.

164 2994 227 3070 Qui
254 3016 330 3059 sero
359 2995 435 3059 deos
464 3016 534 3059 esse
558 2994 721 3074 dixerunt,
744 2999 838 3059 tauta
861 2996 996 3060 suntin
1019 2999 1177 3063 varietate

164 3083 445 3168 e‚tdissensione
475 3086 512 3147 ut
544 3105 655 3149 eorum
687 3084 806 3148 molest
791 3087 864 3148 tum
896 3084 942 3148 sit
973 3084 1178 3152 dinumerare

164 3172 303 3236 sentent
294 3193 351 3238 ras
396 3170 540 3236 Namt
507 3175 540 3236 et
563 3171 602 3236 de
620 3172 734 3275 figuris
754 3171 886 3237 deorum
910 3173 1005 3236 etde
1029 3174 1115 3241 locis
1135 3179 1178 3241 at-

165 3280 227 3342 que
259 3261 451 3325 sedibust
418 3264 451 3325 et
479 3261 676 3325 actionet
628 3263 661 3327 vi
663 3267 714 3325 tae
746 3261 851 3326 multa
879 3260 1044 3347 dicuntur,
1077 3265 1179 3350 deque

240 3369 366 3414 summa
388 3348 656 3433 philosophorum
681 3349 881 3415 dissensione
905 3313 1064 3437 certatni3
1096 3352 1181 3438 quod

274 3437 414 3502 maxime
447 3459 515 3503 reru
547 3459 740 3541 causamque
772 3439 930 3522 continet,
958 3442 1072 3506 utrum
1099 3442 1182 3508 nihil

80 3345 276 3721 ᾖ,

251 3525 267 3588 t
297 3525 381 3590 nihil
404 3526 590 3606 moliantur,
614 3529 703 3591 omni
726 3530 818 3593 curat
820 3527 893 3595 ione
916 3531 950 3592 et
972 3528 1181 3598 administra·
