2446 3944
531 180 773 246 -302-

154 345 249 409 illuc
272 343 412 427 omnia,
434 342 531 408 unde
554 345 641 408 orta
663 346 765 426 sunt,
788 341 936 406 animus
956 344 1086 406 autem
1106 362 1168 407 so·

154 433 229 516 lus,
255 453 323 497 nec
345 453 426 496 eum
454 430 564 495 adest
585 452 653 495 nec
675 451 757 495 cnm
781 428 958 512 discedit,
988 432 1168 513 apparet.

153 518 233 584 Iam
256 541 345 584 vero
369 517 513 583 videtis
536 518 638 583 nihil
668 539 752 582 esse
779 517 896 582 morti
922 519 1001 581 tam
1031 516 1168 582 simile

103 623 135 671 81
156 629 267 691 quam
286 627 467 671 somnum.
512 605 634 690 Atqui
657 604 932 670 dormientium
951 604 1069 669 animi
1088 627 1167 670 rna-

155 694 253 759 xime
277 694 478 759 deolarant
501 693 748 758 divinitatem
771 715 889 776 suam3
907 693 1029 757 multa
1052 692 1165 775 enim,

155 805 239 847 cum
261 782 416 846 remissi
434 784 472 845 et
491 781 608 846 liberi
626 785 730 864 sunt,
753 780 887 845 futura
904 780 1166 864 prospiciunt.

155 869 210 935 Ex
238 892 310 953 quo
337 869 602 955 intellegitur,
635 869 768 953 quales
800 868 924 932 futuri
952 867 1044 949 sint,
1077 889 1165 933 cum

156 979 197 1022 se
214 958 328 1040 plane
347 961 523 1041 corporis
537 957 704 1023 vinculis
722 955 997 1020 relaxaverint.
1020 954 1166 1039 Quare,

156 1045 189 1110 si
219 1046 311 1110 haec
342 1045 399 1109 ita
430 1047 530 1129 sunt,
563 1045 617 1109 sio
648 1066 704 1109 me
732 1042 920 1127 colitote',
950 1043 1071 1127 inquit,
1105 1043 1165 1108 ‘ut

154 1133 276 1216 deum3
299 1133 359 1197 sin
380 1155 453 1197 una
476 1136 535 1197 est
558 1133 792 1196 interiturus
812 1131 959 1195 animus
978 1153 1061 1196 cum
1080 1152 1165 1196 cor·

154 1242 259 1305 pore,
282 1241 348 1285 vos
376 1223 503 1284 tamen
531 1219 620 1285 deos
647 1223 838 1304 verentes,
871 1219 935 1303 qni
961 1219 1059 1284 hano
1086 1240 1163 1284 orn-

154 1330 239 1373 nem
260 1307 589 1393 pulchritudinem
612 1311 771 1372 tuentur
793 1309 830 1371 et
848 1309 1001 1391 regunt,
1024 1328 1165 1373 memo·

154 1396 252 1461 riam
273 1395 400 1461 nostri
422 1396 483 1480 pie
501 1396 765 1480 inviolateque
784 1393 1017 1459 servabitis?
1057 1392 1165 1478 Cyrus

156 1484 284 1568 quidem
307 1485 387 1548 haec
407 1484 561 1567 moriens,
584 1505 653 1567 nos,
672 1484 701 1548 si
718 1485 833 1567 placet,
850 1486 967 1555 nostra
982 1482 1164 1547 videamus.

103 1610 136 1660 82
154 1571 259 1636 Nemo
282 1594 436 1656 umquam
458 1571 548 1655 mihi,
575 1569 695 1656 Scipio,
722 1571 929 1655 persuadebit
952 1573 1008 1634 aut
1030 1575 1164 1656 patrem

155 1663 249 1724 tuum
271 1659 410 1724 Paulum
433 1663 489 1723 aut
512 1659 591 1724 duos
620 1680 712 1743 avos,
740 1659 878 1723 Paulum
906 1662 939 1723 et
961 1657 1165 1743 Africanum,

156 1751 213 1811 aut
230 1745 378 1812 Africani
395 1750 521 1831 patrem
541 1751 597 1812 aut
615 1751 768 1831 patruum
786 1750 843 1811 aut
859 1747 980 1810 multos
994 1750 1164 1830 praestan·

155 1838 205 1898 tes
227 1835 325 1918 viros,
348 1855 429 1918 quos
452 1856 638 1900 enumerare
656 1857 722 1899 non
744 1837 795 1898 est
812 1855 955 1918 neeesse,
977 1837 1073 1899 tanta
1091 1855 1165 1900 esse

155 1925 302 2004 conatoS,
335 1942 417 2005 quae
440 1922 482 1986 ad
507 1923 710 2006 posteritatis
737 1922 928 1987 memoriam
950 1921 1164 2007 pertinerent,

154 2009 218 2072 nisi
241 2009 348 2073 animo
377 2013 543 2073 cernerent
568 2010 794 2093 posteritatem
822 2010 864 2074 ad
889 2031 923 2074 se
949 2009 1038 2094 ipsos
1062 2011 1164 2093 perti·

154 2118 239 2161 nere.
284 2095 338 2160 An
360 2117 480 2179 censes,
502 2100 539 2160 ut
562 2097 600 2161 de
624 2119 675 2161 me
697 2097 767 2182 ipse
791 2096 914 2181 aliquid
936 2118 1026 2161 more
1045 2118 1164 2162 senum

155 2184 284 2268 glorier,
308 2205 359 2248 me
382 2187 492 2248 tantos
516 2185 644 2249 labores
664 2185 796 2250 diurnos
813 2189 1052 2268 nocturnosque
1073 2184 1165 2250 domi

154 2271 353 2354 militiaeque
377 2275 601 2355 suscepturum
627 2272 742 2357 fnisse,
769 2273 797 2337 si
819 2272 922 2337 isdem
947 2273 1067 2336 finibus
1091 2273 1164 2358 glo-

153 2359 237 2423 riam
251 2381 365 2442 meam,
387 2359 503 2443 quibus
517 2360 628 2444 vitam,
647 2382 751 2425 essem
764 2361 1019 2426 terminaturus?
1041 2358 1163 2428 Nonne

154 2446 269 2510 melius
294 2447 398 2511 multo
421 2446 536 2511 fuisset
555 2448 695 2513 otiosam
714 2452 855 2513 aetatem
873 2451 906 2512 et
925 2448 1070 2532 quietam
1089 2449 1163 2513 sine

55 2596 61 2604 „
153 2534 221 2598 ullo
245 2538 301 2599 aut
320 2535 432 2599 labore
450 2540 507 2599 aut
525 2536 731 2601 contentione
748 2537 938 2601 traducere?
970 2533 1033 2600 Sed
1049 2537 1161 2602 nescio

154 2643 217 2706 quo
241 2623 337 2687 modo
360 2623 486 2687 animus
509 2624 636 2710 erigens
661 2646 695 2688 se
716 2624 943 2708 posteritatem
965 2623 1013 2688 ita
1031 2645 1162 2708 semper

152 2711 381 2795 prospiciebat,
403 2711 506 2795 quasi,
528 2734 602 2776 eum
624 2712 813 2777 excessisset
836 2734 853 2776 e
876 2711 953 2795 vita,
979 2716 1048 2775 turn
1073 2711 1163 2776 deni-

154 2820 216 2882 que
238 2799 382 2863 victurus
405 2802 499 2863 esset.
544 2798 636 2874 Quod
665 2800 793 2883 quidem
820 2800 854 2863 ni
881 2799 928 2863 ita
952 2821 986 2863 se
1012 2799 1162 2884 haberet,

153 2889 190 2949 ut
205 2886 304 2950 animi
313 2886 630 2971 inmortalesessent,
644 2887 730 2951 haud
741 2887 856 2971 optimi
866 2887 1019 2970 cuiusque
1031 2887 1162 2952 animus

100 2989 134 3038 83
153 2974 293 3038 maxime
312 2975 353 3038 ad
370 2974 640 3038 inmortalitatem
660 2977 692 3038 et
706 2975 846 3059 gloriam
857 2976 1024 3040 niteretur.
1053 2973 1161 3050 Quid?

154 3062 240 3144 quod
263 3061 522 3145 sapientissimus
549 3062 684 3146 quisque
712 3062 907 3146 aequissimo
931 3062 1039 3127 animo
1063 3063 1163 3128 mori·

152 3153 221 3232 tur,
249 3149 461 3214 stultissimus
488 3149 706 3232 iniquissimo,
733 3171 839 3215 nonne
860 3150 953 3216 vobis
975 3150 1105 3215 ridetur
1130 3151 1162 3217 is

153 3236 288 3320 animus,
312 3237 367 3321 qui
389 3238 463 3321 plus
487 3241 597 3302 cernat
620 3242 653 3302 et
676 3237 819 3322 longius,
841 3238 950 3303 videre
973 3259 1007 3303 se
1031 3238 1072 3303 ad
1095 3261 1163 3303 me-

153 3322 236 3387 liora
262 3324 435 3407 proficisci,
468 3324 524 3388 ille
548 3329 669 3409 autern,
700 3325 790 3392 onius
819 3325 965 3391 obtusior
992 3325 1038 3390 sit
1064 3326 1162 3412 acies,

152 3430 218 3473 non
249 3410 378 3477 videre?
414 3411 574 3495 Equidem
606 3414 721 3478 efferor
753 3414 859 3478 studio
887 3416 997 3498 patres
1021 3417 1163 3499 vestros,

67 3508 234 3719 wquos
262 3498 347 3563 colui
374 3503 408 3565 et
435 3500 546 3587 dilexi,
576 3500 719 3587 videndi,
750 3522 853 3587 neque
880 3522 969 3591 vero¹
985 3521 1041 3567 eos
1069 3503 1162 3569 solos
