2422 3938
527 167 679 234 -510
728 205 774 217 -

139 334 249 399 venire
277 335 363 396 certe
390 331 500 415 potuit
527 332 561 394 et
584 347 782 392 conservare
815 329 920 395 urbis
953 334 1065 396 tantas
1089 331 1150 412 auu

86 422 129 488 39
140 422 231 505 talis3
264 442 321 484 vos
355 419 440 484 enim
473 418 537 502 ipsi
569 415 673 480 dicere
702 415 827 482 soletis
861 418 957 484 nihil
992 441 1074 503 esse,
1100 415 1151 503 quoi

142 511 219 574 deus
244 509 371 573 efficere
394 529 461 572 non
482 506 601 591 possit,
630 507 663 569 et
690 504 832 587 quidem
866 509 949 574 sine
974 509 1085 574 labore
1104 505 1152 587 ula

140 600 177 661 ut
205 597 291 661 enim
318 597 489 662 hominum
517 593 663 659 membra
689 593 784 658 nulla
822 598 1056 662 contentione
1082 596 1152 660 merli

139 687 211 769 ipsa
235 708 272 750 aa
295 687 463 751 voluntate
487 685 687 766 moveantur,
710 681 758 746 sie
781 685 937 750 numine
963 687 1096 752 deorum
1114 705 1152 749 ou·

139 776 195 839 nia
222 774 316 858 fingi,
344 773 468 839 moveri
491 771 672 854 mutarique
700 792 814 854 posse.
867 771 1001 860 Neque
1028 776 1061 840 id
1082 771 1153 838 dicitis

142 863 367 948 superstitiose
397 866 494 944 atque
519 859 663 940 aniliter,
693 858 749 922 sed
773 859 933 944 physica
960 863 1153 945 constantique

142 953 284 1037 ratione3
308 952 480 1016 materiam
504 949 590 1013 enim
613 969 730 1030 rerum,
755 968 796 1011 ex
820 970 896 1033 qua
918 955 959 1016 et
977 953 1016 1018 in
1039 974 1097 1037 qua
1114 970 1154 1014 on·

141 1042 197 1106 nia
221 1041 302 1123 sint,
329 1044 434 1104 totam
463 1059 532 1103 esse
562 1036 738 1101 flexibilem
764 1039 799 1100 et
830 1039 1154 1122 commutabilem,d

141 1130 225 1196 nihil
249 1130 307 1212 sit,
340 1129 425 1213 quod
453 1148 520 1192 non
543 1148 582 1190 ex
605 1146 643 1189 ea
667 1123 820 1209 quamvis
854 1129 983 1195 subito
1008 1131 1087 1216 fingi
1108 1148 1153 1192 coa

145 1219 291 1302 vertique
328 1218 446 1302 possit,
485 1216 553 1280 eius
591 1218 700 1278 autem
736 1212 927 1283 universae
964 1218 1154 1284 fiotrieenet

145 1305 390 1371 moderatricem
408 1305 552 1369 divinam
573 1324 644 1367 esse
667 1300 939 1391 providentiam3
965 1307 1058 1375 hana
1078 1307 1154 1390 igitu

143 1417 346 1481 quocumque
374 1416 409 1459 sa
436 1395 575 1474 moveat,
598 1391 725 1456 efficere
751 1411 872 1476 posse,
905 1397 1074 1482 quioquid
1097 1392 1155 1460 velit

141 1484 256 1567 Itaque
285 1488 342 1549 aut
369 1484 488 1567 nescit,
518 1480 595 1566 quid
618 1479 738 1564 possit,
768 1483 828 1543 aut
860 1485 1030 1570 neglegit
1058 1506 1105 1551 res
1120 1483 1155 1546 hu

142 1595 255 1638 manas
284 1576 354 1656 aut,
386 1572 464 1658 quid
492 1571 536 1635 sit
566 1569 740 1653 optimum,
770 1588 842 1632 non
877 1576 1008 1654 potest
1040 1573 1156 1639 indiam

89 1678 123 1727 93
143 1661 219 1727 Non
234 1666 327 1727 curat
345 1661 493 1746 singulos
511 1658 669 1724 homines.
703 1655 780 1721 Non
799 1657 952 1745 mirum3
973 1684 1022 1728 ne
1041 1663 1157 1729 civitate

141 1752 282 1835 quidem3
305 1773 373 1816 non
395 1751 484 1814 modo
507 1769 571 1830 eas,
593 1743 801 1811 uenationes
825 1747 978 1829 quidem
1004 1755 1041 1817 et
1063 1752 1156 1838 genta

141 1838 265 1915 Quodsi
293 1839 353 1903 has
382 1839 481 1904 etiam
509 1836 708 1916 contemnet,
738 1832 817 1917 quid
850 1837 987 1904 mirum
1014 1846 1068 1907 est
1089 1855 1157 1905 omna

142 1928 183 1991 ab
212 1950 250 1991 ea
277 1948 378 2012 genus
405 1928 584 1992 humanum
611 1944 682 1989 esse
709 1923 976 2005 contemptum?
1028 1929 1092 1994 Sed
1117 1944 1159 2011 qm

142 2016 238 2080 modo
266 2017 364 2080 iidem
393 2015 500 2080 dicitis
527 2035 593 2077 non
621 2011 732 2077 omnia
760 2008 839 2074 deos
870 2019 1059 2103 persequi,
1086 2015 1160 2082 iidem

141 2106 240 2170 voltis
264 2127 283 2168 a
306 2105 354 2168 dis
382 2102 611 2168 inmortalibus
639 2097 826 2165 hominibus
860 2101 1049 2186 dispertiri
1073 2128 1108 2172 aa
1130 2102 1161 2167 di·

142 2194 208 2258 vidi
232 2193 380 2257 somnia?
425 2192 551 2257 ldairao
574 2191 655 2254 haee
677 2191 795 2270 tecum,
819 2187 902 2270 quia
922 2198 1048 2260 vestra
1071 2198 1117 2260 est
1135 2191 1161 2255 de

143 2282 342 2348 somniorum
360 2281 498 2346 veritate
517 2279 688 2344 sententia.
720 2277 828 2359 Atque
846 2276 958 2344 iidem
982 2285 1087 2349 etiam
1104 2284 1162 2347 voa
1194 2341 1195 2345 ,

143 2372 264 2457 suseipi
288 2371 393 2436 dicitis
418 2373 576 2453 oportere.
622 2366 745 2447 Nempe
769 2364 896 2449 singuli
921 2377 1067 2457 vovent,
1089 2368 1161 2437 audit
1194 2353 1198 2384 ⁴

141 2461 242 2544 igitur
269 2483 360 2524 mens
393 2458 503 2523 divina
535 2457 634 2521 etiam
663 2456 701 2519 de
729 2453 879 2538 singulis.
929 2455 1072 2525 Videtis
1100 2477 1160 2541 ergo
1192 2465 1198 2532 j,

140 2571 206 2612 non
230 2570 300 2612 esse
324 2570 395 2613 eam
418 2551 486 2611 tam
510 2549 710 2628 occupatam,
734 2564 831 2626 quam
854 2546 1067 2626 putabatis?
1110 2546 1161 2612 Fas
1195 2559 1196 2563 ’

141 2659 211 2702 esse
244 2637 432 2718 distentam,
465 2635 590 2700 eaelum
621 2638 820 2715 versantem,
851 2634 985 2700 terram
1019 2640 1161 2710 tuentem
1189 2698 1193 2705 .

142 2727 244 2789 maria
267 2727 501 2807 moderantem,
530 2744 587 2788 aur
609 2725 679 2786 tam
702 2719 822 2784 multos
847 2719 928 2785 deos
958 2725 1052 2790 nihil
1076 2743 1159 2811 agera
1187 2708 1195 2737 ⁴

142 2819 174 2878 et
202 2836 329 2879 cessare
362 2813 507 2897 patitur?
540 2833 596 2876 eur
622 2833 688 2876 non
720 2808 815 2873 rebus
846 2807 1012 2878 humanis
1044 2815 1159 2898 aliquos
1187 2820 1191 2843 ¹

142 2903 265 2967 otiosos
289 2904 365 2967 deos
389 2901 552 2986 praeficit,
575 2901 630 2984 qui
655 2922 673 2962 a
696 2903 742 2982 te,
767 2897 882 2978 Balbe,
907 2899 1159 2967 innumerabiles
1188 2978 1192 2991 Ι

142 2992 296 3075 explicati
315 2991 412 3055 sunt?
450 2990 539 3054 Haeo
557 2989 623 3052 fere
643 2989 748 3052 dicere
771 2985 872 3051 habui
890 2987 932 3051 de
951 2993 1081 3057 natura
1098 2990 1158 3055 dee
1187 2994 1192 3027 ³

141 3101 223 3163 rum,
246 3102 312 3144 non
335 3084 371 3144 ut
391 3102 463 3144 eam
481 3079 639 3158 tollerem,
663 3076 718 3139 sed
736 3078 773 3138 ut
792 3075 1049 3163 intellegeretis,
1072 3097 1158 3165 quam
1189 3136 1195 3143 .

143 3174 227 3232 esset
250 3169 388 3234 obseura
411 3172 444 3232 et
468 3189 564 3251 quam
588 3165 729 3228 difficilis
752 3162 933 3247 explicatus
957 3165 1110 3233 haberet.
1190 3162 1197 3177 ⁴
