2446 3944
467 182 708 249 -353-

82 344 218 409 Graecia
240 365 344 427 neque
366 344 434 408 ulla
456 364 530 409 cum
552 346 648 428 gente
667 346 742 406 sunt
728 342 961 408 t.conferenda
998 341 1087 418 Quae

83 434 168 496 enim
186 434 279 496 tanta
298 432 452 515 gravitas,
471 453 552 516 quae
570 434 662 495 tanta
683 430 873 513 constantia,
897 429 1085 531 magnitudo

83 519 196 602 animi,
223 519 384 620 probitas,
411 519 502 601 fides,
535 540 616 603 quae
648 522 715 582 tam
746 481 943 582 excellehs
933 540 968 582 ιιι
999 517 1087 582 omni

83 627 198 690 genere
217 607 347 671 virtus
337 628 372 670 m
390 606 466 672 ullis
484 569 556 685 fhit,
574 629 596 670 u
597 606 674 671 tsit
687 627 759 670 cum
775 605 950 670 maioribus
963 609 1040 670 nost
1041 607 1086 670 ris

83 693 320 778 comparanda?
364 693 475 759 Doct
434 698 521 759 trma
543 692 678 759 Graecia
704 715 764 758 nos
792 697 825 758 ct
847 693 936 758 omni
965 694 1087 758 littera·
1106 704 1122 752 3

82 804 155 845 rum
178 802 295 865 genere
318 782 507 864 superabat;
529 781 565 846 in
588 803 650 866 quo
669 785 739 846 erat
760 781 856 845 facile
875 782 1002 846 vincere
1020 803 1088 846 non

83 873 308 953 repugnantes,
352 867 438 934 Nam
460 891 532 934 cum
555 869 641 952 apud
664 867 803 933 Graecos
827 869 1088 953 antiquissimum

84 957 226 1022 edoctis
254 978 356 1042 genus
384 957 428 1021 sit
453 960 635 1042 poetarum,
662 956 820 1040 siquidem
842 955 1002 1021 Homerus
1024 956 1088 1021 fuit

83 1049 116 1108 et
156 1044 317 1109 Hesiodus
359 1048 432 1108 ante
472 1043 610 1109 Romam
651 1044 833 1127 conditam,
872 1043 1086 1109 Archilochus

83 1136 239 1216 regnante
274 1132 427 1214 Romule,
469 1131 572 1196 serius
607 1132 767 1215 poeticam
801 1153 861 1195 nos
898 1132 1087 1214 accepimus.

83 1220 187 1284 Annis
209 1219 276 1284 fere
299 1237 348 1284 nx
370 1223 445 1304 post
466 1219 606 1284 Romam
628 1220 791 1284 conditam
809 1217 922 1283 Livius
942 1219 1088 1284 fabulam

83 1308 170 1372 dedit
200 1305 234 1372 C.
258 1306 406 1390 Claudio,
429 1305 525 1373 anei
546 1307 628 1391 filio,
653 1307 696 1372 M.
718 1306 879 1371 Tuditano
902 1308 1087 1372 consulibus

84 1417 170 1459 anno
195 1399 269 1459 ante
292 1399 405 1459 natum
428 1394 571 1460 Ennium
595 1395 664 1478 [qui
686 1393 749 1458 fuit
766 1395 870 1458 maior
887 1398 967 1458 natu
991 1418 1088 1478 quam

82 1482 218 1546 Plautus
237 1486 270 1547 et
286 1481 454 1564 Naevius}
493 1481 571 1547 Sero
593 1482 693 1566 igitur
716 1504 735 1546 a
756 1481 876 1547 nostris
898 1486 1013 1565 poetae
1036 1483 1088 1548 vel
1106 1483 1128 1548 2

85 1569 209 1652 cogniti
240 1570 293 1634 vel
323 1571 451 1653 recepti.
510 1569 710 1653 Quamquam
747 1573 797 1634 est
832 1569 867 1632 in
901 1569 1087 1654 Originibus

86 1657 200 1720 solitos
224 1676 295 1720 esse
317 1657 352 1721 in
366 1658 477 1740 ,epulis
496 1679 609 1722 canere
628 1657 779 1722 convivas
799 1657 839 1721 ad
860 1658 1027 1722 tibicinem
1050 1659 1088 1723 de

85 1744 245 1808 clarorum
273 1743 440 1809 hominum
466 1745 655 1828 virtutibus,
685 1744 842 1809 honorem
873 1748 982 1809 tamen
1014 1746 1089 1811 huic

84 1831 196 1915 generi
226 1852 292 1895 non
326 1831 426 1896 fuisse
462 1832 604 1897 declarat
642 1831 746 1897 oratio
781 1830 928 1911 Catonis,
959 1834 994 1897 in
1025 1856 1090 1917 qua

86 1918 204 1983 obiecit
235 1921 272 1982 ut
301 1919 456 2001 probrum
487 1919 530 1985 M.
561 1919 739 2003 Nobiliori,
776 1920 861 2004 quod
891 1920 921 1984 is
951 1921 986 1984 in
1017 1943 1089 2004 pro-

85 2007 225 2071 vinciam
246 2009 359 2089 pectas
382 2007 539 2091 duxisset3
562 2007 697 2073 duxerat
716 2012 825 2072 autem
843 2009 954 2072 consul
976 2009 1031 2072 ille
1053 2009 1089 2074 in

85 2094 323 2195 Aetoliam,ut
286 2094 477 2179 uscimus,
499 2094 650 2160 Ennium.
687 2095 756 2172 Quo
780 2096 885 2160 minus
908 2096 971 2180 igit
971 2118 1010 2160 ur
956 2095 1088 2161 tho-

84 2182 172 2246 noris
187 2185 262 2246 erat
279 2183 394 2265 po'e'tis,
412 2204 449 2248 eo
468 2183 596 2284 minora
613 2183 721 2248 studia
738 2183 877 2265 fuerunt,
895 2187 1088 2268 metamor,

86 2270 115 2333 si
141 2269 196 2370 qui
223 2270 350 2354 magnis
377 2270 580 2354 ingeniisrn
607 2292 644 2335 eo
668 2291 785 2356 genere
806 2271 994 2354 extiterunt,
1022 2294 1089 2336 non

86 2361 137 2421 sat
138 2357 166 2420 is
123 2354 385 2422 tGraecorum
408 2358 532 2441 gloriae
553 2360 798 2441 responderunt
775 2356 892 2423 ιΑιι
912 2380 1088 2441 censemus
1106 2367 1138 2415 4

87 2466 114 2508 sr
106 2443 247 2527 'Fabio,
267 2445 470 2510 nobilissimo
488 2445 626 2529 homini,
648 2445 735 2510 laudi
754 2444 810 2510 dat
795 2449 865 2510 tum
884 2449 980 2529 esset,
1004 2446 1088 2530 quod

85 2531 245 2614 pingeret,
267 2553 333 2596 non
355 2533 476 2598 multos
501 2533 600 2598 etiam
618 2533 703 2615 apud
724 2554 783 2597 nos
805 2532 932 2598 futuros
949 2532 1089 2616 Polycli-

84 2622 137 2682 tos
161 2621 194 2681 et
215 2618 405 2685 Parrhasios
427 2619 550 2685 fuisse?
584 2619 698 2684 Honos
717 2619 776 2684 alit
793 2621 892 2702 artes,
915 2641 1088 2704 omnesque

85 2706 260 2770 incendunt
246 2709 298 2770 tur
329 2706 370 2772 ad
398 2708 505 2774 studia
536 2707 653 2792 gloria,
683 2707 852 2790 iacentque
884 2728 923 2770 ea
954 2728 1088 2790 semper,

85 2814 166 2876 quae
191 2793 274 2876 apud
296 2815 440 2879 quosque
466 2795 699 2896 improbantur
749 2792 913 2859 Summam
937 2793 1052 2857 erudit
1028 2797 1089 2858 t1·o

84 2902 160 2944 nem
188 2878 373 2946 Graecit
329 2882 373 2946 sit
374 2903 427 2946 am
454 2882 663 2947 censebant
654 2904 689 2946 m
711 2903 882 2946 nervorum
910 2902 1088 2964 vocumque

85 2967 275 3051 cantibus3
266 2969 328 3051 1git
328 2991 367 3032 ur
385 2991 402 3032 e
403 2969 691 3053 tEpaminondas,
712 2970 862 3070 princeps
880 2990 952 3033 meo
971 2968 1087 3033 iudicio

84 3053 254 3139 Graeciae,
280 3057 397 3139 fidibus
423 3057 589 3140 praeclara
620 3057 773 3122 cecinisse
803 3056 932 3140 dicitur,
960 3055 1087 3120 Themi-

85 3143 265 3227 stoclesque
288 3144 411 3227 aliquot
432 3148 507 3208 ante
531 3166 632 3210 annos
656 3167 728 3209 oum
749 3145 784 3208 in
802 3143 904 3228 epulis
926 3149 1089 3208 recusaret

85 3229 205 3313 lyram,
229 3232 279 3296 est
300 3231 431 3297 habitus
452 3232 620 3297 indoctior.
656 3233 744 3317 Ergo
768 3232 803 3295 in
821 3230 955 3296 Graecia
974 3232 1089 3296 musici

84 3318 273 3403 floruerunt,
296 3319 523 3402 discebantque
545 3320 578 3384 id
597 3342 721 3403 omnes,
742 3340 814 3402 nec,
837 3318 893 3403 qui
915 3320 1105 3405 nesciebat,-

85 3407 167 3472 satis
194 3407 337 3471 excultus
366 3407 513 3472 doctrina
541 3408 726 3491 putabatur.
776 3407 816 3471 In
846 3428 971 3471 summo
1004 3407 1090 3492 apud

85 3493 159 3558 illos
181 3493 305 3560 honore
327 3495 505 3579 geometria
525 3494 601 3573 fuit,
624 3495 733 3579 itaque
750 3494 834 3559 nihil
851 3495 1089 3561 mathematicis

155 3611 337 3671 metientur,
351 3615 396 3661 dic
409 3615 526 3672 sllicitat.
540 3616 653 3670 &dritten
911 3621 951 3671 (ιι
