2446 3944
552 213 594 226 ...
641 178 706 244 536
751 215 793 224 .-

171 340 342 424 audienda,
369 362 442 405 cum
464 340 512 403 ita
534 339 657 422 dicunt,
685 337 832 404 accedere
856 337 987 402 adrem
1010 338 1175 423 publicam

170 429 359 514 plerumque
381 426 529 491 homines
551 426 643 491 nulla
660 448 695 490 re
712 426 800 491 bona
818 425 942 510 dignos,
965 449 1039 490 cum
1059 426 1174 509 quibus

170 544 197 594 p.
212 518 259 596 89]
283 514 465 599 comparari
488 513 661 596 sordidum,
684 513 856 599 confligere
876 513 881 598 l
902 516 1011 578 autem
1029 514 1175 578 multitu·

35 607 39 612 ’
171 603 243 667 dine
269 602 462 687 praesertim
488 601 623 666 incitata
650 600 804 666 miserum
826 604 859 665 et
881 601 1102 686 periculosum
1125 602 1174 666 sit.

170 689 273 766 Quam
287 689 329 754 ob
343 711 412 753 rem
423 711 527 773 neque
537 689 692 774 sapientis
707 710 776 752 esse
786 688 929 773 accipere
937 688 1094 774 habenas,
1103 712 1174 754 cum

168 778 300 842 insanos
328 780 426 861 atque
453 777 628 841 indomitos
655 776 796 861 impetus
823 776 915 861 volgi
937 777 1088 842 cohibere
1109 799 1174 842 non

168 865 282 950 possit,
295 886 399 949 neque
413 864 509 928 liberi
522 887 594 928 cum
613 864 738 948 inpuris
753 868 851 947 atque
864 863 1050 929 inmanibus
1066 865 1174 930 adver·

170 952 263 1017 seriis
278 952 495 1017 decertantem
508 952 561 1016 vel
575 951 843 1016 contumeliarum
856 951 992 1016 verbera
1004 952 1114 1017 subire
1124 952 1173 1017 vel

170 1044 336 1125 expectare
358 1039 497 1124 sapienti
513 1061 580 1104 non
597 1038 746 1104 ferendas
764 1038 912 1122 iniurias3
930 1039 1067 1124 proinde
1104 1040 1173 1105 uasi

168 1155 196 1208 p.
215 1130 262 1208 ao]
279 1127 373 1192 bonis
394 1131 427 1192 et
444 1127 584 1192 fortibus
604 1130 637 1190 et
655 1147 774 1212 magno
793 1126 901 1191 animo
919 1061 1172 1213 praeditisiulla

170 1215 213 1279 sit
235 1215 276 1278 ad
298 1237 367 1279 rem
388 1215 553 1300 publicam
576 1214 712 1279 adeundi
734 1236 832 1280 causa
852 1214 984 1301 iustior,
1012 1236 1113 1298 quam
1134 1237 1172 1279 ne

168 1305 304 1387 pareant
321 1302 467 1386 inprobis
483 1324 563 1367 neve
587 1303 628 1367 ab
646 1302 748 1366 isdem
766 1302 903 1366 lacerari
920 1323 990 1366 rem
1006 1303 1173 1387 publicam

168 1389 344 1474 patiantur,
357 1411 430 1455 curn
439 1390 503 1474 ipsi
513 1390 669 1455 auxilium
677 1388 770 1473 ferre,
781 1389 808 1453 si
818 1389 958 1473 cupiant,
967 1411 1035 1454 non
1045 1395 1173 1474 queant.

233 1476 297 1541 Illa
328 1480 436 1541 autern
468 1477 612 1561 exceptio
644 1477 696 1542 cui
726 1477 859 1560 probari
890 1477 1022 1541 tandem
1054 1482 1174 1563 potest,

169 1564 255 1648 quod
278 1568 401 1650 negant
423 1565 604 1648 sapientem
626 1568 851 1648 suscepturum
873 1564 975 1629 ullam
997 1565 1047 1629 rei
1069 1567 1173 1650 publi-

169 1673 224 1717 cae
246 1655 383 1736 partem,
406 1655 498 1718 extra
521 1675 618 1737 quam
641 1652 670 1716 si
693 1674 766 1716 eum
788 1656 916 1736 tempus
940 1655 972 1716 et
994 1653 1173 1718 necessitas

168 1739 331 1824 coegerit?
362 1739 455 1823 quasi
481 1762 557 1805 vero
585 1740 688 1805 maior
716 1739 866 1824 cuiquam
892 1740 1071 1806 necessitas
1095 1742 1174 1808 acci·

168 1826 242 1891 dere
268 1826 387 1911 possit,
417 1850 514 1911 quam
541 1827 657 1893 accidit
683 1827 794 1910 nobis3
822 1827 858 1892 in
881 1848 945 1911 qua
966 1828 1046 1910 quid
1068 1829 1172 1894 facere

166 1942 194 1992 p.
214 1916 261 1994 83]
288 1915 481 1999 potuissem,
508 1913 512 2001 Ι
538 1915 603 1979 nisi
629 1920 700 1979 tum
722 1916 835 1980 consul
856 1913 1012 1980 fuissem?
1051 1915 1172 1982 Consul

168 2004 277 2066 autem
304 2022 373 2065 esse
397 2003 452 2085 qui
473 2003 579 2086 potui,
607 2003 672 2066 nisi
695 2024 768 2067 eum
790 2004 877 2068 vitae
900 2023 1030 2068 cursum
1054 2005 1173 2069 tenuis·

168 2110 236 2152 sem
259 2111 278 2152 a
300 2088 454 2172 pueritia,
483 2111 541 2173 per
564 2111 660 2173 quem
682 2090 825 2174 equestri
847 2091 918 2156 loco
941 2095 1040 2156 natus
1063 2114 1172 2177 perve

166 2176 270 2239 nirem
293 2175 334 2240 ad
352 2175 507 2240 honorem
526 2177 785 2261 amplissimum?
812 2176 888 2242 Non
904 2178 1006 2263 igitur
1024 2184 1171 2263 potestas

167 2266 217 2328 est
236 2285 274 2327 ex
291 2266 446 2346 tempore,
470 2267 526 2328 aut
545 2286 617 2329 cum
636 2266 727 2348 velis,
750 2265 930 2350 opitulandi
948 2266 1171 2350 reipublicae,

168 2351 314 2434 quamvis
345 2372 383 2416 ea
409 2355 576 2434 prematur
603 2353 769 2436 periculis,
797 2353 862 2417 nisi
889 2375 927 2419 eo
949 2353 1022 2418 loco
1046 2355 1107 2438 sis,
1136 2359 1172 2419 ut

116 2439 229 2504 11tibi
261 2439 295 2503 id
325 2438 431 2504 facere
462 2440 567 2505 liceat.
614 2439 817 2525 Maximeque
848 2441 910 2505 hoc
941 2441 976 2504 in
1001 2439 1171 2508 hominum

167 2526 336 2591 doctorum
359 2527 505 2592 oratione
528 2527 609 2592 mihi
626 2529 744 2592 mirum
762 2529 865 2593 videri
883 2529 975 2613 solet,
998 2531 1094 2613 quod,
1118 2531 1172 2615 qui

166 2642 194 2692 p.
209 2617 256 2694 84]
275 2614 453 2698 tranquillo
466 2610 564 2703 lmari
583 2616 763 2701 gubernare
782 2638 815 2681 se
829 2621 949 2702 negent
962 2639 1068 2701 posse,
1087 2619 1171 2702 quod

166 2723 225 2766 nec
248 2701 417 2766 didicerint
437 2724 497 2768 nec
519 2724 673 2786 umquam
696 2704 777 2769 scire
800 2704 992 2789 curaverint,
1014 2705 1113 2770 iidem
1132 2707 1172 2770 ad

167 2790 385 2875 gubernacula
409 2811 443 2853 se
466 2812 649 2855 accessuros
672 2793 887 2875 profiteantur
905 2792 1055 2858 excitatis
1073 2794 1171 2858 maxi-

167 2877 228 2940 mis
260 2876 420 2941 fiuctibus.
465 2877 527 2941 Isti
559 2878 644 2942 enim
675 2879 785 2962 palam
815 2880 919 2945 dicere
947 2883 1044 2963 atque
1071 2882 1106 2946 in
1134 2903 1170 2946 eo

166 2964 306 3028 multum
329 2964 428 3028 etiam
451 2965 586 3050 gloriari
609 2967 724 3050 solent,
747 2988 781 3030 se
805 2967 843 3031 de
860 2967 1044 3032 rationibus
1063 2991 1171 3033 rerum

165 3053 369 3136 publicarum
392 3055 449 3117 aut
472 3053 770 3118 constituendarum
793 3058 850 3119 aut
871 3055 1067 3121 tuendarum
1089 3057 1171 3121 nihil

165 3162 224 3205 nec
256 3140 404 3205 didicisse
436 3162 590 3225 umquam
618 3164 677 3206 nec
704 3142 831 3225 docere,
863 3165 1036 3226 earumque
1064 3166 1171 3209 rerum

165 3254 192 3304 p.
212 3230 259 3307 85]
284 3228 452 3293 scientiam
470 3251 536 3293 non
554 3230 656 3295 doctis
675 3229 860 3294 hominibus
881 3228 885 3311 l
906 3252 944 3294 ac
960 3230 1172 3316 sapientibus,

166 3312 222 3376 sed
257 3314 292 3376 in
322 3315 379 3380 illo
412 3336 528 3400 genere
560 3317 745 3381 exercitatis
778 3317 1013 3383 concedendam
1045 3324 1172 3404 putant.

117 1533 150 1582 10

165 3396 271 3473 Quare
299 3403 354 3484 qui
382 3403 531 3467 convenit
553 3405 701 3488 polliceri
724 3426 856 3491 operam
880 3427 974 3470 suam
996 3406 1045 3470 rei
1067 3408 1173 3493 publi-

163 3489 314 3551 caetum
337 3489 486 3576 denique,
509 3491 538 3555 si
559 3493 751 3558 necessitate
774 3495 957 3580 cogantur?
981 3517 1064 3580 cum,
1088 3496 1173 3579 quod

85 3554 194 3712 Ἴ
