2446 3944
568 181 720 247 —560
769 217 807 227 —

180 344 259 409 tetis
283 340 476 426 aequabilis,
499 343 570 406 erat
591 361 691 423 penes
709 339 875 424 principes
898 342 970 406 tota
993 340 1197 425 respublica

179 431 374 516 praepositis
398 429 501 494 xviris
529 428 756 510 nobilissimis,
778 449 846 493 non
869 428 1001 512 opposit
1001 429 1031 493 is
987 429 1196 494 ttribunis

178 521 230 604 pl
256 519 359 583 nullis
383 517 456 582 eliis
480 516 642 582 adiunctis
666 517 928 603 magistratibus,
951 539 1019 583 non
1041 539 1198 602 provoca·
1216 502 1219 609 l

178 607 269 672 tione
302 607 344 672 ed
375 606 532 690 populum
564 612 676 670 eontra
706 628 819 671 necem
850 609 883 670 et
910 607 1046 671 verbere
1074 607 1197 672 relicta.
1216 600 1219 667 l

127 714 161 763 ee
179 696 269 780 Ergo
296 695 415 760 horum
443 717 481 758 ex
508 694 671 760 iniustitia
698 694 806 759 subito
830 697 945 760 exorte
973 697 1024 760 est
1054 696 1218 760 maxims

179 784 383 870 perturbatio
416 786 449 847 et
481 783 583 848 totius
621 782 833 848 commutatio
865 784 913 847 rei
943 783 1111 869 publicem
1144 784 1218 868 qui

181 873 305 937 duabus
347 872 469 937 tabulis
509 871 694 954 iniquarum
734 872 845 957 legum
890 871 1030 957 additis,
1073 873 1218 956 quibus,

181 959 281 1026 etiam
312 982 394 1045 quae
427 959 561 1025 diiunet'
537 964 580 1024 trs
612 959 743 1045 populis
774 959 877 1025 tribui
909 961 1017 1026 solent
1037 961 1218 1059 conubia,

181 1048 262 1113 haee
284 1049 332 1113 illi
355 1053 393 1113 ut
410 1069 451 1113 ne
468 1048 576 1132 plebei
595 1070 667 1113 eum
685 1048 835 1133 patribus
858 1053 976 1132 essent,
994 1037 1197 1114 iuliumenis-

183 1138 266 1203 sima
289 1138 361 1222 lege
385 1141 574 1221 sanxerunt,
603 1158 684 1220 qnae
711 1141 828 1222 postes
851 1137 960 1240 plebei
982 1138 1067 1203 seito
1092 1136 1196 1203 Oenu-

180 1226 244 1290 leio
264 1226 423 1311 abrogata
437 1228 488 1290 est
487 1187 752 1311 ,libidinoseque
770 1227 860 1290 omni
877 1225 1062 1310 imperioet
1048 1226 1198 1290 teeerbe

181 1319 215 1379 et
242 1335 338 1378 avare
365 1315 486 1397 populo
518 1313 737 1398 praefuerunt.
713 1312 874 1379 tNota
901 1314 1023 1379 seilicet
1053 1314 1115 1378 ille
1143 1335 1195 1378 res

181 1406 215 1467 et
247 1402 411 1467 celebrata
448 1423 618 1468 monumen
622 1403 665 1467 tis
702 1402 851 1487 plurimis
886 1401 941 1468 litt
926 1406 1087 1486 terarum,
1124 1424 1197 1467 eum

180 1490 332 1555 Decimus
366 1491 496 1574 quidam
527 1490 705 1577 Verginius
737 1490 897 1576 virginem
928 1491 1032 1556 filiam
1063 1494 1162 1575 propt
1164 1512 1197 1554 er

181 1580 276 1644 unius
305 1600 344 1643 ex
371 1579 437 1644 illis
464 1580 568 1645 xviris
596 1579 857 1663 intemperiem
847 1601 882 1644 ιιι
911 1580 982 1645 foro
1010 1601 1071 1645 sna
1098 1601 1197 1644 manu

77 1693 80 1697 ¹
180 1667 400 1732 interemisset
418 1690 456 1732 eo
475 1689 621 1733 maerens
641 1669 682 1733 ad
701 1668 885 1752 exereitum,
904 1669 1046 1753 quitum
1066 1672 1138 1732 erat
1161 1668 1195 1731 in

181 1753 310 1840 Algido,
334 1756 545 1842 confugisset
521 1757 689 1822 tmilites
708 1755 829 1821 bellum
854 1756 941 1841 illud,
964 1755 1049 1840 quod
1072 1759 1144 1820 eret
1161 1757 1222 1821 in
1218 1760 1221 1785 '

182 1845 343 1928 menibus,
365 1845 537 1930 reliquisse
560 1848 593 1909 et
614 1846 755 1929 primum
779 1847 925 1910 montem
947 1866 1088 1929 ssorum,
1112 1830 1222 1909 sieut*

182 1934 285 1997 erat
276 1955 311 1997 in
334 1895 434 1997 simili
457 1955 555 1998 neusa
578 1937 674 1999 antee
696 1934 818 1999 laetum
825 1983 834 2020 ,
858 1933 970 1999 deinde
993 1930 1222 1999 Aventinum
1221 1957 1223 2032 p

182 2016 318 2086 armates
339 2022 493 2088 insedisse.
752 2013 810 2073 ‘¹¹-
