2446 3944
413 187 654 252 -170-

0 370 24 418 '1
40 351 249 419 Commutato
271 355 382 419 autem
404 374 521 439 genere
543 352 631 418 uitae
654 354 743 418 omni
769 353 896 418 ratione
923 375 1036 419 curan·

27 441 103 507 dum
126 445 190 527 est,
219 444 256 506 ut
282 440 316 505 id
342 441 428 506 bono
456 441 591 506 consilio
613 441 729 507 fecisse
751 442 926 506 videamur.
972 439 1035 506 Sed

26 529 180 613 quoniam
193 529 290 614 paulo
309 533 385 593 ante
403 528 525 594 dictum
543 531 595 594 est
607 528 782 595 imitandos
801 549 871 594 esse
885 529 1035 614 maiores,

25 617 167 701 primum
192 616 274 682 illud
301 620 469 701 exceptum
498 616 554 699 sit,
584 637 626 681 ne
657 617 739 682 vitia
770 617 836 681 sint
867 617 1035 699 imitanda,

27 704 149 788 deinde,
171 705 201 769 si
222 707 340 769 natura
357 726 423 770 non
440 704 532 788 feret,
554 708 592 769 ut
610 705 769 789 quaedam
787 705 910 769 imitari
928 706 1034 790 possit

25 788 77 877 (ut
100 792 276 876 superioris
303 792 390 856 filius
413 790 573 875 Africani,
600 794 656 876 qui
682 793 768 858 hunc
789 792 893 857 Paulo
920 796 1035 857 natum

26 880 208 965 adoptavit,
237 884 371 965 propter
397 879 623 945 infirmitatem
649 879 845 946 valetudinis
872 901 939 945 non
965 884 1035 946 tam

25 967 135 1053 potuit
160 967 265 1052 patris
293 967 409 1032 similis
436 988 520 1051 esse,
552 990 650 1053 quam
678 969 735 1033 ille
761 968 869 1033 fuerat
896 966 974 1054 sui),
1007 969 1036 1032 si

24 1055 127 1141 igitur
140 1077 207 1120 non
219 1056 341 1141 poterit
359 1055 427 1120 sive
445 1077 559 1120 causas
578 1056 772 1120 defensitare
792 1057 859 1120 sive
877 1057 1035 1141 populum

25 1143 231 1209 contionibus
254 1147 364 1208 tenere
387 1143 455 1208 sive
478 1143 565 1208 bella
589 1164 710 1229 gerere,
731 1144 791 1208 illa
813 1147 923 1208 tamen
943 1167 1034 1229 prae-

26 1234 113 1297 stare
132 1231 270 1315 debebit,
289 1252 371 1314 quae
390 1234 484 1295 erunt
500 1231 535 1295 in
552 1231 655 1315 ipsius
672 1235 845 1316 potestate,
863 1231 1034 1315 iustitiam,

24 1319 135 1403 fidem,
166 1319 412 1402 liberalitatem,
442 1319 649 1402 modestiam,
676 1318 940 1404 temperantiam,
969 1341 1033 1402 quo

24 1407 132 1471 minus
151 1406 193 1471 ab
212 1429 249 1472 eo
268 1407 310 1491 id,
330 1407 415 1491 quod
432 1407 524 1489 desit,
542 1407 734 1490 requiratur.
766 1405 909 1489 Optuma
923 1409 1033 1469 autem

23 1493 187 1560 hereditas
216 1517 235 1560 a
261 1496 410 1579 patribus
437 1495 579 1560 traditur
605 1494 716 1559 liberis
749 1493 900 1576 omnique
932 1493 1033 1577 patri-

24 1583 133 1648 monio
151 1583 372 1666 praestantior
392 1584 499 1669 gloria
516 1582 647 1647 virtutis
666 1602 837 1665 rerumque
856 1584 1033 1667 gestarum,

0 1670 76 1765 ,cui
99 1669 247 1734 dedecori
269 1692 339 1734 esse
361 1670 453 1733 nefas
477 1673 524 1750 [et
546 1669 676 1750 vitium]
690 1668 905 1769 ,iudicandum
931 1673 989 1733 est.

7 1756 1034 1929 multitutudine{saltat{lllltlftttlt

24 1931 124 1996 etiam
152 1930 190 1995 de
217 1931 279 1996 hac
307 1931 514 1996 distinctione
542 1931 711 1998 dicendum
737 1936 796 1997 est.
840 1932 902 1998 Est
931 1933 1034 2018 igitur

25 2018 239 2084 adulescentis
267 2018 406 2082 maiores
437 2021 517 2082 natu
548 2020 652 2083 vereri
684 2041 786 2103 exque
817 2019 858 2083 iis
890 2019 1032 2105 deligere

25 2107 166 2190 optimos
181 2109 214 2170 et
227 2106 487 2192 probatissimos,
505 2126 643 2189 quorum
657 2108 793 2172 consilio
814 2111 910 2190 atque
925 2110 1033 2171 auoto-

25 2194 123 2258 ritate
150 2193 288 2276 nitatur3
319 2193 461 2280 ineuntis
493 2193 580 2257 enim
612 2194 729 2258 aetatis
762 2195 892 2260 inscitia
919 2215 1032 2266 senum

24 2281 250 2347 constituenda
268 2284 302 2345 et
319 2281 461 2365 regenda
477 2280 650 2365 prudentia
668 2285 727 2346 est.
758 2282 908 2347 Maxume
923 2286 1033 2347 autem

23 2368 104 2434 haec
127 2372 217 2434 aetas
241 2391 261 2433 a
283 2368 473 2433 libidinibus
501 2368 638 2434 arcenda
661 2373 711 2434 est
736 2370 973 2453 exercendaque
996 2370 1033 2434 in

24 2456 137 2522 labore
158 2456 381 2540 patientiaque
404 2459 437 2520 et
460 2456 560 2520 animi
583 2461 617 2521 et
637 2458 789 2542 corporis,
812 2461 979 2522 uteorum
998 2462 1032 2522 et

23 2544 59 2608 in
71 2544 196 2609 bellicis
212 2544 292 2608 etin
311 2543 460 2609 civilibus
474 2544 590 2610 officiis
604 2545 714 2630 vigeat
727 2545 895 2610 industria.
923 2545 1032 2629 Atque

24 2632 123 2697 etiarn
138 2654 211 2698 cum
224 2632 372 2697 relaxare
386 2631 511 2697 animos
526 2636 559 2697 et
573 2632 649 2698 dare
663 2654 697 2697 se
709 2632 903 2698 iucunditati
912 2634 1033 2716 volent,

24 2723 159 2786 caveant
173 2720 466 2805 intemperantiam,
485 2720 690 2785 meminerint
708 2720 927 2804 verecundiae,
945 2722 1033 2805 quod

25 2808 87 2873 erit
109 2807 245 2892 facilius,
268 2808 297 2872 si
319 2828 357 2874 ae
378 2807 414 2873 in
437 2807 505 2873 eius
524 2808 611 2873 modi
631 2808 758 2891 quidem
777 2809 874 2873 rebus
892 2809 1032 2874 maiores

7 2900 118 2962 erratu
144 2896 258 2961 nolent
286 2896 450 2962 interesse.
497 2894 632 2962 Senibus
666 2899 776 2960 autem
808 2897 936 2961 labores
964 2919 1032 2962 cor-

23 2985 113 3068 poris
136 2985 314 3068 minuendi,
342 2984 587 3050 exercitationes
616 2983 715 3049 animi
743 2984 842 3049 etiam
866 2984 1032 3070 augendae

23 3072 187 3155 videntur;
216 3072 321 3137 danda
347 3093 423 3136 vero
452 3093 564 3157 opera,
591 3076 628 3136 ut
655 3075 688 3136 et
716 3073 836 3137 amieos
865 3077 898 3136 et
925 3073 1033 3138 iuven·

23 3162 128 3224 tutem
151 3164 184 3224 et
206 3160 346 3225 maxime
368 3180 438 3223 rem
460 3159 624 3244 publicam
648 3160 782 3225 consilio
804 3163 838 3224 et
860 3161 1033 3245 prudentia

25 3247 321 3330 quamplurimum
344 3247 504 3312 adiuvent.
541 3247 633 3313 Nihil
657 3252 766 3312 autem
789 3249 895 3333 magis
920 3270 1032 3314 caven·

24 3334 100 3399 dum
127 3338 177 3398 est
206 3335 377 3419 senectuti,
407 3356 504 3419 quarn
526 3355 568 3399 ne
596 3335 747 3421 languori
770 3357 804 3402 se
828 3336 1033 3420 desidiaeque

24 3421 133 3505 dedat3
156 3421 284 3486 luxuria
300 3443 377 3487 vero
396 3444 469 3488 cum
488 3422 576 3488 omni
595 3424 696 3488 aetati
714 3425 829 3510 turpis,
852 3427 922 3489 tum
944 3445 1033 3489 sene-

22 3509 105 3574 ctuti
130 3508 319 3576 foedissima
346 3512 410 3596 est,
442 3510 494 3575 sin
520 3513 629 3576 autem
660 3511 759 3577 etiam
786 3512 958 3577 libidinum
985 3512 1033 3577 in-
