2446 3944
472 159 714 225 -491-

84 336 166 398 quae
191 320 312 400 quanto
336 317 471 383 consilio
500 320 670 403 gerantur,
693 318 781 382 nullo
805 317 943 383 consilio
967 317 1101 400 adsequi

84 405 280 488 possumus?
325 406 391 490 An,
428 428 500 470 oum
533 405 774 471 machinatione
806 407 946 490 quadam
977 405 1101 471 moveri
1217 475 1218 478 Ἴ

85 492 210 576 aliquid
232 493 392 579 videmus,
415 499 453 559 ut
476 495 662 579 sphaeram,
685 498 723 558 ut
745 494 857 573 horas,
880 500 917 559 ut
941 496 1013 559 alia*
1029 517 1100 579 per·

85 581 201 666 multa,
231 604 297 647 non
323 583 523 668 dubitamus,
552 582 630 667 quin
648 582 707 646 illa
730 604 829 665 opera
857 583 923 648 sint
949 583 1100 667 rationis3

84 691 157 733 cum
185 674 294 735 autem
321 671 479 755 impetum
511 672 593 737 caeli
621 693 693 736 cum
722 671 905 736 admirabili
935 673 1100 737 celeritate

84 760 208 823 moveri
231 761 379 844 vertique
401 761 567 827 videamus
591 760 852 825 constantissime
876 762 1100 826 conficientem

83 848 323 913 vicissitudines
342 849 581 915 anniversarias
605 871 677 913 cum
702 870 828 913 summa
851 849 956 913 salute
975 854 1008 913 et
1026 871 1100 914 con·

84 938 267 1002 servatione
299 960 405 1002 rerum
439 939 598 1022 omnium,
629 938 828 1020 dubitamus,
861 938 940 1021 quin
968 959 1006 1002 ea
1034 960 1101 1002 non

85 1024 191 1088 solum
222 1025 348 1091 ratione
379 1028 479 1109 fiant,
512 1028 566 1092 sed
596 1028 695 1092 etiam
728 1026 899 1090 excellenti
927 1026 1101 1110 divinaque

85 1112 235 1179 ratione?
259 1115 335 1180 licet
358 1120 442 1180 enim
465 1116 533 1180 iem
556 1119 683 1181 remota
706 1115 890 1180 subtilitate
913 1113 1101 1198 disputandi
1118 1127 1153 1178 98

85 1203 187 1266 oculis
202 1204 342 1287 quodam
357 1206 454 1271 modo
468 1205 684 1287 contemplari
703 1203 978 1286 pulchritudinem
992 1225 1100 1268 rerum

86 1311 210 1377 earum,
234 1315 315 1377 quas
339 1293 449 1358 divina
471 1293 677 1377 providentia
700 1292 836 1357 dicimus
861 1292 1065 1358 constitutas.

428 1486 478 1561 sa,
500 1484 662 1560 147-66,
684 1485 756 1543 167.

151 1574 233 1639 uter
257 1575 358 1657 iibriqe
381 1576 415 1654 ur
438 1596 487 1642 um
510 1577 559 1640 ber
578 1575 729 1655 &eulmen
752 1574 849 1640 millen
872 1575 1031 1658 qeltbofleu,
1053 1576 1101 1656 [tr

84 1662 180 1743 meltbe
202 1663 247 1729 tie
267 1662 372 1729 surrex
394 1665 449 1730 orit
470 1665 635 1745 beleuterer
653 1664 736 1729 ssiebe
756 1665 868 1745 qelrrqt
889 1665 989 1746 baben.
1036 1663 1101 1730 tior

85 1753 169 1818 ollem
197 1753 270 1834 pqr
300 1753 349 1834 lid)
382 1754 437 1817 tos
468 1754 501 1818 iu
533 1754 582 1817 ter
610 1752 797 1833 &ondlong
825 1753 875 1817 bet
907 1753 1100 1834 meulblirbur

84 1839 223 1923 stirpare,
247 1841 362 1921 metebat
385 1843 438 1908 teu
461 1843 584 1923 ssuqouq
607 1859 642 1921 qu
666 1843 750 1906 ollem
765 1840 924 1922 btttlicbeu
951 1843 1010 1906 urb
1038 1843 1098 1907 tls:

83 1931 235 2010 peretum
255 1931 382 2010 erttloet.
409 1931 472 2012 {thr
490 1929 649 2012 ttlttitbltess
669 1928 803 2008 (belbas
822 1931 890 1994 uber
907 1929 941 2010 ilt
963 1930 1007 1995 tie
1026 1931 1098 1996 lter:

83 2019 183 2099 uuutt,
211 2019 255 2084 bie
278 2029 338 2086 uus
362 2021 415 2085 tur
438 2019 565 2102 plueret
587 2017 745 2098 tetradum
772 2019 832 2083 unt
860 2016 905 2082 bie
929 2018 1035 2085 bbtter
1058 2038 1100 2083 er:

83 2108 187 2173 lernen
215 2109 290 2190 lebrt
316 2110 375 2174 unt
404 2127 455 2190 rur
478 2107 686 2190 (bltdletiqteit
708 2105 787 2188 [fille
811 2106 908 2189 matht.
949 2108 1007 2172 §bic
1030 2107 1100 2172 eu:

82 2196 210 2278 rirbtunq
230 2200 280 2263 ber
298 2200 383 2278 useu,
402 2201 452 2263 ber
470 2198 590 2279 tterblet
608 2198 657 2260 ber
675 2196 887 2277 patraturum,
907 2195 952 2260 bie
966 2196 1100 2275 manriq:

82 2286 204 2365 luttiqen
228 2287 408 2367 brqeuqnille
432 2287 480 2351 ter
504 2285 579 2350 soe
606 2284 666 2363 lint
691 2285 820 2365 nitentur
843 2283 894 2364 out
916 2285 970 2349 beu
993 2284 1101 2366 turben

84 2372 132 2435 ter
164 2375 316 2453 westburt
343 2374 494 2454 terebret.
536 2373 615 2437 tlter
642 2371 707 2451 surb
735 2371 1030 2452 corturiacum
1058 2389 1100 2434 ers

83 2459 194 2539 stetten
213 2460 248 2537 lte
266 2460 327 2541 {bre
345 2463 496 2542 &listerus
532 2461 600 2525 itur
617 2459 687 2537 urob
705 2477 774 2524 mou
792 2458 840 2538 pq
858 2459 933 2539 qirbt
951 2459 1100 2539 betlehem

83 2546 190 2613 tleiueu
214 2547 391 2637 ffltibqeltbid
413 2562 470 2613 bru
498 2551 551 2614 beu
579 2546 704 2613 eurem
731 2547 944 2629 ueruubltlltqt
968 2548 1099 2627 glauben.

150 2705 220 2769 Iam
243 2728 320 2772 vero
345 2707 489 2771 animum
512 2708 621 2791 ipsum
644 2709 850 2788 mentemque
873 2704 1028 2787 hominis,
1050 2666 1152 2768 rer-59

83 2795 221 2879 tionem,
248 2795 433 2876 consilium,
465 2795 675 2881 prudentiam
706 2793 856 2878 quinon
885 2792 995 2857 divina
1022 2770 1152 2858 curam

83 2882 228 2967 perfecta
251 2906 321 2948 esse
344 2883 511 2969 perspicit,
534 2884 562 2948 is
585 2884 638 2947 his
656 2881 738 2967 ipsis
757 2883 853 2947 rebus
872 2880 954 2945 mihi
972 2881 1101 2946 videtur

84 2994 202 3037 carere.
248 2971 297 3037 De
321 2973 481 3057 quodum
504 2973 713 3056 disputarem,
737 2975 826 3036 tuam
845 2970 927 3033 mihi
945 2969 1016 3033 dari
1034 2972 1098 3034 vel-

83 3061 157 3145 lem,
182 3059 289 3145 Cotta,
313 3063 538 3146 eloquentiam.
585 3061 655 3138 Quo
680 3060 766 3124 enim
788 3063 824 3122 tu
847 3059 905 3123 illa
933 3057 1030 3123 modo
1054 3057 1099 3121 di·

84 3152 186 3215 ceres!
211 3154 332 3233 quanta
350 3151 491 3234 primum
515 3149 748 3234 intellegentia,
772 3147 886 3212 deinde
905 3167 1099 3229 consequen-

82 3238 165 3303 tium
197 3259 305 3302 rerum
338 3261 410 3303 cum
440 3238 554 3324 primis
587 3237 772 3304 coniunctio
801 3239 834 3300 et
866 3234 1099 3319 conprehensio

84 3330 171 3392 esset
195 3325 231 3390 in
257 3326 366 3414 nobis,
400 3349 439 3392 ex
468 3351 530 3412 quo
558 3327 720 3409 videlicet,
748 3324 824 3409 quid
852 3346 891 3388 ex
919 3323 1100 3409 quibusque

82 3416 180 3481 rebus
199 3414 370 3501 efficiatur,
388 3416 485 3501 idque
503 3416 628 3481 ratione
648 3414 869 3480 concludimus
889 3413 1100 3498 singulasque

82 3528 134 3571 res
158 3505 328 3572 definimus
352 3505 656 3589 circumscripteque
684 3503 942 3588 complectimur;
972 3524 1010 3567 ex
1035 3524 1099 3585 quo
