2446 3944
466 194 706 262 -293-

84 369 183 434 etiam
211 369 244 432 et
270 367 440 452 pomariis,
467 369 538 431 tum
564 366 721 451 pecudum
748 370 858 450 pastu,
886 364 996 451 apium
1018 387 1089 431 exa-

84 456 238 539 minibus,
269 455 387 520 florum
416 454 560 520 omnium
587 454 754 519 varietate.
798 452 867 519 Nec
895 454 1088 520 consitiones

84 545 180 610 modo
204 544 374 626 delectant,
397 543 453 607 sed
476 543 575 607 etiam
597 542 775 626 insitiones,
798 543 915 626 quibus
937 542 1020 606 nihil
1042 542 1089 606 in-

83 633 173 699 venit
200 632 272 718 agri
299 632 427 696 cultura
453 631 628 696 sollertius.
673 630 811 696 Possum
838 631 989 717 persequi
1019 599 1141 725 per-15}

83 721 188 785 multa
211 720 450 785 oblectamenta
471 740 579 783 rerum
601 719 805 803 rusticarum,
829 719 885 784 sed
906 719 987 784 haec
1008 719 1090 803 ipsa,

83 830 165 892 quae
194 807 273 890 dixi,
300 807 404 871 sentio
430 806 531 870 fuisse
559 807 718 892 longiora.
763 806 943 894 Ignoscetis
967 810 1089 890 autem3

83 918 161 960 nam
188 899 221 959 et
249 896 355 960 studio
382 895 578 959 rusticarum
604 916 714 959 rerum
740 899 911 980 provectus
940 917 1024 978 sum,
1056 897 1090 959 et

85 987 232 1048 senectus
260 987 310 1047 est
335 987 453 1047 natura
479 982 659 1068 loquacior,
691 1007 731 1048 ne
763 985 804 1049 ab
837 983 985 1048 omnibus
1017 1003 1089 1046 eam

83 1071 173 1136 vitiis
196 1071 306 1136 videar
327 1071 498 1136 vindicare.
542 1070 632 1156 Ergo
655 1072 690 1135 in
716 1073 778 1137 hac
800 1071 869 1136 vita
890 1070 941 1136 Μ’.
966 1068 1089 1153 Curius,

84 1181 157 1224 curn
182 1160 219 1223 de
239 1157 447 1243 Samnitibus,
470 1159 508 1222 de
526 1155 665 1242 Sabinis,
688 1159 726 1223 de
744 1159 870 1243 Pyrrho
892 1158 1090 1242 triumphas-

84 1251 144 1331 set,
166 1248 367 1331 consumpsit
390 1251 569 1312 extremum
592 1251 720 1332 tempus
744 1247 869 1311 aetatis.
906 1244 1003 1310 Cuius
1022 1245 1090 1328 qui-

84 1336 157 1400 dem
180 1356 241 1421 ego
264 1335 379 1399 villam
405 1335 628 1420 contemplans
656 1333 763 1419 (abest
790 1335 876 1399 enim
900 1356 968 1399 non
992 1334 1089 1419 longe

85 1447 104 1488 a
127 1421 191 1507 me)
214 1423 368 1487 admirari
391 1424 470 1489 satis
492 1444 559 1488 non
585 1444 720 1506 possum
742 1423 794 1488 vel
818 1421 958 1487 hominis
985 1422 1088 1506 ipsius

86 1511 317 1577 continentiam
348 1512 401 1576 vel
432 1515 616 1596 temporum
649 1510 859 1595 disciplinam.
905 1508 1001 1574 Curio
1035 1510 1074 1574 ad
1085 1521 1141 1589 (56)

85 1600 194 1664 focum
226 1599 351 1663 sedenti
382 1621 536 1685 magnum
568 1599 639 1663 auri
670 1599 795 1683 pondus
824 1596 985 1662 Samnites
1017 1620 1090 1662 curn

86 1688 288 1771 attulissent,
314 1687 474 1770 repudiati
501 1691 591 1769 sunt3
621 1708 689 1751 non
716 1686 802 1750 enim
829 1707 944 1751 aurum
969 1685 1090 1749 habere

85 1776 287 1861 praeclarum
319 1774 382 1838 sibi
408 1775 510 1839 videri
541 1775 635 1860 dixit,
667 1775 724 1838 sed
755 1774 815 1859 eis,
847 1774 903 1857 qui
932 1773 1091 1837 haberent

86 1886 213 1946 aurum,
243 1863 411 1947 imperare.
459 1862 634 1927 Poteratne
666 1866 776 1927 tantus
809 1861 935 1927 animus
965 1860 1089 1926 efficere
1109 1880 1142 1930 56

86 1973 152 2015 non
177 1950 349 2014 iucundam
377 1952 597 2015 senectutem?
642 1948 705 2014 Sed
731 1950 824 2015 venio
852 1949 894 2013 ad
921 1949 1090 2034 agricolas,

86 2060 128 2102 ne
151 2059 171 2102 a
192 2059 243 2101 me
266 2038 338 2122 ipso
361 2038 516 2103 recedam.
552 2038 591 2103 In
610 2039 697 2123 agris
716 2042 808 2102 erant
826 2040 897 2102 tum
917 2041 1091 2121 senatores,

85 2126 119 2190 id
146 2129 196 2189 est
220 2147 327 2209 senes,
355 2125 512 2209 siquidem
540 2127 646 2191 aranti
669 2127 704 2191 L.
726 2125 876 2200 Quinctio
900 2124 1090 2191 Cincinnato

85 2213 272 2278 nuntiatum
295 2217 345 2277 est
368 2236 440 2278 eurn
463 2215 655 2280 dictatorem
673 2230 743 2278 esse
761 2213 897 2298 facturn,
920 2214 1009 2279 cuius
1029 2213 1090 2278 dic-

86 2301 204 2366 tatoris
227 2302 318 2366 iussu
340 2302 498 2387 magister
520 2303 665 2385 equitum
684 2299 717 2366 Ο.
737 2299 892 2366 Servilius
912 2302 1019 2366 Ahala
1037 2298 1090 2384 Sp.

85 2389 240 2454 Maelium
258 2411 394 2476 regnum
414 2390 617 2474 adpetentem
641 2393 833 2474 occupatum
855 2389 1028 2453 interemit.
1059 2388 1091 2452 A

86 2478 166 2542 villa
179 2479 215 2542 in
233 2481 381 2542 senatum
400 2478 623 2542 arcessebatur
641 2481 674 2541 et
688 2475 803 2541 Curius
823 2480 855 2540 et
874 2477 971 2542 ceteri
990 2497 1091 2559 senes,

87 2586 126 2629 ex
149 2586 226 2647 quo,
254 2565 310 2648 qui
333 2586 387 2630 eos
411 2565 630 2647 arcessebant,
659 2564 801 2628 viatores
824 2564 984 2629 nominati
1006 2567 1090 2627 sunt.

86 2652 174 2717 Num
200 2651 301 2737 igitur
328 2652 446 2716 horum
473 2656 620 2716 senectus
648 2651 843 2715 miserabilis
870 2650 947 2734 fuit,
973 2651 1029 2733 qui
1056 2671 1091 2713 se

87 2738 160 2824 agri
173 2738 315 2803 cultione
329 2740 558 2804 oblectabant?
590 2739 663 2803 Mea
682 2739 810 2824 quidem
829 2738 989 2802 sententia
1005 2737 1091 2801 haud

87 2827 153 2891 scio
178 2848 220 2890 an
241 2827 333 2890 nulla
355 2826 481 2892 beatior
503 2827 608 2912 possit
627 2848 706 2911 esse,
728 2848 831 2910 neque
850 2826 957 2891 solum
975 2824 1091 2908 officio,

88 2914 174 2998 quod
200 2914 368 2978 hominurn
396 2915 506 2999 generi
532 2916 682 2980 universo
711 2914 837 2979 cultura
864 2934 1018 2998 agrorum
1041 2915 1091 2976 est

86 3002 249 3086 salutaris,
273 3002 380 3066 sedet
399 3002 619 3086 delectatione,
638 3005 674 3068 de
693 3025 756 3086 qua
770 3001 844 3084 dixi,
868 3005 900 3066 et
920 3001 1091 3065 saturitate

86 3090 242 3174 copiaque
268 3112 377 3154 rerum
404 3090 562 3175 omnium,
589 3113 671 3176 quae
703 3092 744 3155 ad
771 3090 892 3155 victum
914 3089 1091 3173 hominum,

87 3178 128 3242 ad
151 3178 274 3243 cultum
298 3178 397 3242 etiam
420 3179 551 3244 deorum
574 3179 745 3264 pertinent,
767 3182 813 3262 ut,
837 3177 990 3261 quoniam
1011 3177 1092 3242 haec

85 3265 219 3350 quidam
250 3266 449 3350 desiderant,
484 3267 690 3353 ingratiam
721 3265 787 3329 iam
819 3288 892 3329 eum
923 3265 1091 3349 voluptate

86 3354 265 3418 redeamus.
311 3351 443 3437 Semper
471 3355 555 3418 enim
582 3353 659 3418 boni
687 3352 871 3436 assiduique
901 3353 1023 3417 domini
1044 3375 1110 3419 re-.

85 3440 171 3505 ferta
189 3441 273 3506 cella
290 3440 424 3524 vinaria,
448 3441 577 3526 olearia,
600 3441 698 3505 etiam
716 3441 849 3525 penaria
868 3445 927 3527 est,
949 3441 1094 3526 villaque

85 3532 158 3594 tota
176 3528 321 3614 locuples
340 3531 399 3612 est,
423 3527 565 3592 abundat
582 3549 690 3613 porco,
707 3529 821 3614 haedo,
841 3551 935 3616 agno,
959 3529 1100 3615 galline„
