2446 3944
462 198 703 264 —241.-

80 357 174 421 dibus
200 356 387 421 obruerunt.
431 355 535 440 Atqui
561 356 618 421 ille
640 357 818 421 utilitatem
846 355 936 440 sequi
959 355 1087 421 videba-

78 449 147 528 tur3
170 444 226 509 sed
249 464 288 508 ea
309 443 401 508 nulla
424 447 495 508 erat
515 448 717 529 repugnante
739 444 919 509 honestate.
960 443 1087 508 Themi·
1104 458 1139 508 49

79 533 199 597 stocles
217 535 294 617 post
310 530 482 596 victoriam
501 531 569 596 eius
588 533 675 615 belli,
698 532 784 615 quod
802 555 874 598 cum
888 531 996 596 Persis
1015 531 1087 614 fuit,

80 621 162 684 dixit
183 620 219 683 in
240 619 390 684 contione
413 640 447 684 se
469 619 590 684 habere
613 620 783 685 consilium
805 620 853 684 rei
870 620 1020 704 publicae
1039 641 1087 684 sa·
1133 642 1136 647 ·

81 710 200 792 lutare,
223 707 280 772 sed
301 707 335 770 id
358 706 434 770 sciri
455 729 522 772 non
545 729 625 792 opus
649 729 732 791 esse;
754 707 948 792 postulavit,
970 711 1007 771 ut
1031 707 1087 771 ali·

79 818 175 880 quem
198 795 338 879 populus
362 795 462 879 daret,
485 795 614 878 quicum
632 796 895 879 communicaret3
919 796 1013 860 datus
1037 799 1088 859 est

79 883 255 967 Aristides3
284 882 359 947 huic
381 883 451 965 ille,
477 884 614 947 classem
636 882 976 966 Lacedaemoniorum,
1004 905 1087 967 quae

81 972 239 1036 subducta
262 973 347 1034 esset
370 970 411 1034 ad
434 969 612 1055 Gytheum,
635 972 717 1036 clam
739 971 865 1036 incendi
887 992 999 1055 posse,
1022 992 1085 1054 quo

79 1061 167 1124 facto
181 1058 290 1144 frangi
301 1058 628 1124 Lacedaemoniorum
642 1080 720 1144 opes
734 1081 863 1123 necesse
878 1062 972 1122 esset.
995 1057 1088 1133 Quod

80 1147 242 1211 Aristides
266 1168 338 1211 cum
357 1146 509 1229 audisset,
531 1147 767 1212 incentionem
786 1167 906 1232 magna
924 1150 1086 1230 exspecta·

79 1236 168 1300 tione
187 1234 277 1299 venit
296 1234 440 1318 dixitque
457 1235 596 1319 perutile
614 1257 684 1299 esse
703 1234 883 1317 consilium,
902 1234 987 1318 quod
1006 1233 1087 1297 The·

80 1323 246 1388 mistocles
261 1322 412 1406 adferret,
431 1323 487 1387 sed
500 1322 632 1386 minime
645 1323 826 1388 honestum.
859 1322 973 1405 ltaque
987 1320 1087 1385 Athe·

80 1411 217 1494 nienses,
241 1410 327 1494 quod
348 1410 521 1475 honestum
544 1432 610 1475 non
632 1414 727 1494 esset,
748 1410 782 1474 id
800 1431 840 1474 ne
859 1410 939 1474 utile
959 1409 1087 1492 quidem

80 1501 278 1584 putaverunt
296 1501 464 1581 totamque
483 1519 555 1562 eam
574 1520 651 1581 rem,
671 1521 768 1583 quam
780 1520 821 1562 ne
836 1497 1005 1562 audierant
1020 1496 1088 1581 qui-

81 1588 163 1669 dem,
186 1589 317 1651 auctore
340 1585 484 1649 Aristide
503 1587 761 1670 repudiaverunt.
797 1585 912 1665 Melius
936 1584 971 1648 hi
990 1607 1087 1668 quam

79 1673 1078 1827 11οἮἓὲζᾶῗὶῗῖἃὲᾖᾞὲἓθῖἰιῖῗῗῗῂγῖῗὶἰῖἶῗὲἓθῗέἕ
1101 1762 1141 1827 η
1196 1720 1199 1725 ’

80 1850 178 1932 utile,
199 1871 241 1915 ne
262 1852 333 1914 tum
341 1782 498 1933 gqiidim,
521 1785 657 1933 cumpid,
681 1812 766 1933 qdod
789 1870 858 1913 esse
881 1783 962 1913 dile
984 1851 1088 1933 putes,

82 1937 275 2021 adipiscare3
297 1937 360 2002 hoc
383 1937 468 2002 enim
491 1938 611 2022 ipsum,
634 1937 714 2001 utile
736 1941 862 2021 putare,
885 1937 971 2021 quod
993 1941 1087 2020 turpe

83 2026 140 2108 sit,
170 2025 397 2091 calamitosum
428 2028 486 2090 est.
536 2022 599 2089 Sed
624 2025 783 2108 incidunt,
814 2029 852 2089 ut
884 2047 982 2109 supra
1014 2024 1088 2106 dixi,
1107 2039 1140 2091 50

82 2135 178 2197 saepe
201 2134 325 2196 causae,
349 2135 421 2177 cum
443 2133 624 2198 repugnare
646 2113 774 2177 utilitas
796 2111 961 2178 honestati
983 2112 1089 2177 videa·

81 2206 149 2284 tur,
181 2204 218 2265 ut
250 2201 570 2266 animadvertendum
602 2201 659 2286 sit,
691 2205 890 2286 repugnetne
921 2201 1018 2285 plane
1047 2221 1089 2264 an

81 2288 188 2374 possit
210 2311 283 2354 cum
301 2287 473 2353 honestate
491 2289 652 2374 coniungi.
687 2289 768 2354 Eius
788 2288 914 2374 generis
933 2289 994 2352 hae
1014 2291 1089 2352 sunt

83 2376 302 2461 quaestiones:
330 2377 359 2440 si
387 2377 525 2461 exempli
553 2377 659 2462 gratia
685 2377 862 2441 virbonus
885 2376 1089 2441 Alexandrea

82 2465 234 2529 Rhodum
252 2485 406 2549 magnum
423 2465 578 2529 frumenti
592 2485 763 2528 numerum
777 2464 942 2528 advexerit
955 2464 990 2527 in
1003 2463 1088 2528 Rho·

83 2552 211 2618 diorum
237 2552 348 2636 inopia
375 2555 408 2616 et
433 2551 520 2616 fame
550 2573 737 2634 summaque
770 2573 916 2617 annonae
943 2550 1088 2634 caritate,

84 2641 112 2704 si
138 2640 223 2704 idem
252 2640 334 2705 sciat
361 2640 542 2724 complures
570 2642 765 2704 mercatores
793 2637 997 2703 Alexandrea
1027 2639 1089 2703 sol-

83 2727 169 2793 visse
200 2746 363 2810 navesque
393 2728 428 2791 in
459 2747 554 2792 cursu
584 2726 748 2791 frumento
780 2730 914 2790 onustas
941 2728 1088 2810 petentes

82 2815 234 2880 Rhodum
257 2815 384 2898 viderit,
407 2815 591 2880 dicturusne
614 2813 658 2878 sit
679 2815 714 2897 id
734 2813 870 2878 Rhodiis
894 2834 936 2877 an
959 2812 1088 2876 silentio

82 2899 1089 3076 tlt‘¹335le‘lttt?lllttdtttlitlltlt

83 3079 277 3162 quaerimus,
300 3078 356 3162 qui
379 3079 540 3143 celaturus
563 3077 707 3143 Rhodios
729 3099 796 3142 non
819 3077 871 3161 sit,
894 3076 922 3140 si
944 3077 978 3140 id
995 3079 1089 3160 turpe

83 3167 211 3250 iudicet,
235 3167 292 3231 sed
313 3166 449 3250 dubitet,
472 3188 513 3230 an
535 3169 630 3251 turpe
652 3188 718 3231 non
741 3167 791 3230 sit.
827 3165 866 3229 In
887 3164 983 3228 huius
1002 3164 1090 3228 modi
1109 3179 1141 3227 51

83 3255 190 3319 causis
218 3255 306 3319 aliud
333 3254 473 3340 Diogeni
499 3248 681 3337 Babylonio
709 3254 811 3320 videri
842 3254 939 3337 solet,
970 3274 1088 3337 magno

85 3347 118 3407 et
146 3343 239 3428 gravi
257 3340 384 3425 Stoico,
412 3342 501 3407 aliud
523 3343 711 3427 Antipatro,
740 3342 896 3427 discipulo
925 3341 1006 3424 eius,
1034 3342 1089 3404 ho-

85 3430 165 3494 mini
183 3431 379 3496 acutissimo
411 3431 587 3515 Antipatro
606 3431 715 3496 omnia
736 3430 966 3516 patefacienda,
990 3433 1026 3492 ut
1048 3449 1089 3492 ne

85 3518 163 3601 quid
190 3519 335 3597 omnino,
368 3520 453 3603 quod
484 3519 632 3584 venditor
660 3519 762 3603 norit,
794 3520 921 3603 emptor
951 3518 1089 3602 ignoret,

138 3634 320 3689 mallerten,
335 3631 380 3676 tte.
395 3622 638 3684 protospatarium.
899 3625 931 3674 16
