2446 3944
549 175 790 242 -506—

165 333 256 398 nium
274 332 513 398 crudelissimus
532 336 602 398 tam
621 333 674 398 diu
692 331 796 399 Cinna
813 333 984 419 regnavit?
1017 332 1066 399 Aa
1086 335 1174 400 dedit

112 423 156 489 33
165 442 295 506 poenas.
348 421 518 486 Prohiberi
549 421 664 485 melius
685 420 758 485 ·fuit
789 422 1015 506 impedirique,
1048 444 1091 488 ne
1122 426 1174 488 tot

166 530 309 573 summos
330 509 417 573 viros
435 508 640 592 interficeret,
663 531 760 592 quam
777 509 885 594 ipsum
903 510 1081 595 aliquando
1100 533 1173 596 poe-

165 617 225 660 nas
255 597 339 661 dare.
389 593 521 661 Summo
552 597 695 661 cruciatu
724 598 946 681 supplicioque
976 596 1012 673 Q.
1042 597 1173 682 Varius,

165 684 263 749 homo
286 684 601 769 importunissumus,
624 684 735 769 periit3
758 685 795 768 si,
818 685 894 769 quia
911 685 1057 750 Drusum
1075 686 1172 770 ferre,

165 771 347 836 Metellum
365 794 486 837 veneno
519 773 708 854 sustulerat,
740 773 815 837 illos
841 774 1026 856 conservari
1054 775 1170 839 melius

165 859 228 923 fuit
256 882 353 943 quam
380 882 500 946 poenas
528 860 658 924 sceleris
685 859 821 925 Varium
847 862 994 945 pendere.
1044 861 1171 927 Duode

167 947 383 1033 quadraginta
406 969 507 1012 annos
529 947 704 1032 Dionysius
727 952 884 1032 tyrannus
906 949 969 1013 fuit
992 951 1170 1034 opulentis-

112 1048 147 1098 82
167 1057 276 1100 sumac
308 1039 341 1100 et
372 1036 589 1100 beatissumae
624 1035 778 1119 civitatis3
811 1058 908 1119 quam
939 1038 1064 1102 multos
1096 1041 1170 1103 ante

165 1124 251 1190 hunc
281 1124 316 1187 in
344 1124 416 1208 ipso
445 1123 597 1188 Graeciae
624 1123 702 1188 flore
729 1123 935 1189 Pisistratusl
979 1123 1027 1189 At
1054 1125 1171 1190 Phala·

165 1213 224 1294 ris,
252 1214 286 1276 at
313 1210 532 1296 Apollodorus
560 1233 680 1297 poenas
708 1212 849 1276 sustulit.
897 1211 1011 1277 Multis
1041 1214 1169 1298 quidem

166 1303 240 1364 ante
268 1299 418 1363 cruciatis
446 1302 479 1362 et
503 1298 636 1363 necatis.
679 1299 724 1363 Et
750 1301 928 1384 praedones
951 1301 1049 1365 multi
1076 1324 1169 1387 saepe

165 1409 286 1472 poenas
318 1387 409 1470 dant,
440 1408 499 1451 nec
530 1389 641 1450 tamen
669 1408 844 1472 possumus
877 1388 980 1452 dicere
1006 1411 1076 1455 non
1101 1391 1169 1474 plu-

165 1475 210 1538 ris
242 1475 388 1558 captivos
418 1474 530 1540 acerbe
560 1496 657 1558 quam
688 1476 865 1561 praedones
896 1474 1042 1542 necatos
1085 1478 1169 1542 Ana-

164 1562 320 1627 xarchum
341 1561 583 1627 Democriteum
610 1585 630 1626 a
652 1560 772 1648 Cyprio
799 1567 937 1647 tyranno
966 1565 1169 1631 excarnifica-

164 1654 235 1714 tum
259 1650 447 1734 accepimus,
470 1649 630 1714 Zenonem
643 1649 742 1715 Eleae
764 1651 799 1714 in
820 1652 992 1716 tormentis
1010 1658 1169 1718 necatum.

166 1737 250 1813 Quid
273 1738 376 1802 dicam
399 1738 437 1802 de
461 1736 600 1821 Socrate,
624 1738 713 1803 cuius
735 1739 834 1803 morti
856 1739 1058 1804 inlacrimari
1082 1743 1169 1808 soleo

165 1825 337 1926 Rlatqnem
377 1826 511 1911 legens?
560 1825 701 1927 Videsne
736 1827 837 1927 igitur
873 1827 1005 1892 deorum
1042 1829 1170 1914 iudicio,

112 1962 156 2090 ἐξ
165 1914 340 2086 piopqqeeqt
361 1913 656 2084 qiiiileriimilaiyiiicsirs
671 1913 947 2068 dilibdiblfflsloliliii
976 1916 1169 2090 illabilpiailb'iri

166 2088 222 2172 qui
252 2089 452 2172 temporibus
484 2089 551 2152 illis
578 2088 698 2174 praedo
724 2089 804 2154 felix
829 2090 1025 2177 habebatur,
1058 2098 1170 2158 contra

165 2178 241 2241 deos
272 2176 496 2240 testimonium
529 2177 649 2260 dicere,
682 2177 767 2261 quod
793 2179 828 2242 in
853 2178 912 2242 illa
938 2178 1074 2244 fortuna
1101 2185 1168 2246 tam

165 2264 219 2328 diu
241 2264 372 2328 viveret.
408 2262 593 2348 Dionysius,
616 2265 654 2328 de
678 2286 740 2348 quo
765 2270 839 2330 ante
863 2265 936 2348 dixi,
960 2289 1034 2332 eum
1057 2268 1169 2334 fanum

164 2351 377 2436 Proserpinae
399 2351 510 2417 Locris
534 2352 755 2437 expilavisset,
776 2354 955 2439 navigabat
978 2353 1169 2439 Syracusas3

163 2440 255 2591 iqqup
278 2462 350 2591 qqm
373 2440 612 2591 spcundiqqumo
635 2444 732 2541 uento
756 2463 887 2593 oursunlr)
901 2445 1054 2595 teneret,d
1060 2445 1168 2546 ridens

215 2549 227 2590 1
259 2549 382 2591 eisne
429 2551 464 2591 m
488 2552 521 2593 ur
584 2550 696 2593 amrcr
759 2551 844 2593 uam
894 2551 965 2594 ona
989 2553 1030 2594 a-
1058 2553 1170 2596 1s1n·

164 2550 620 2701 mortalibus'naiigbtio
645 2551 851 2702 sadrilegis
876 2617 1026 2682 detur?'
1068 2618 1168 2704 quue

163 2702 261 2768 homo
281 2707 392 2768 acutus
412 2726 485 2768 cum
502 2704 584 2767 bene
601 2704 761 2788 planeque
779 2705 985 2789 percepisset,
1002 2705 1039 2770 in
1057 2709 1168 2772 eadem

164 2791 324 2855 sententia
355 2792 591 2876 perseverabat.
641 2790 703 2866 Qui
734 2814 806 2857 cum
838 2793 879 2856 ad
907 2792 1168 2878 Peloponnesum

164 2879 302 2943 classem
325 2879 503 2963 appulisset
522 2882 554 2942 et
571 2879 606 2941 in
623 2879 736 2943 fanum
753 2881 894 2945 venisset
912 2879 1000 2945 Iovis
1015 2881 1167 2969 Olympii,

162 2966 1168 3142 ttttttottattnttttttatttttttatt

164 3141 258 3225 Gelo,
288 3145 384 3225 atque
411 3142 446 3205 in
468 3163 505 3206 eo
530 3142 629 3206 etiam
652 3143 822 3208 cavillatus
846 3148 896 3208 est
919 3149 1045 3210 aestate
1069 3169 1169 3233 grave

163 3249 233 3293 esse
256 3252 389 3294 aureum
412 3229 594 3314 amiculum,
616 3230 722 3295 hieme
739 3231 903 3316 frigidum,
927 3233 1019 3316 eique
1038 3235 1169 3300 laneum

162 3316 298 3399 pallium
330 3318 453 3401 iniecit,
485 3340 558 3383 oum
589 3318 622 3381 id
654 3340 723 3383 esse
755 3324 868 3403 aptum
900 3319 941 3384 ad
968 3343 1065 3387 omne
1093 3323 1168 3388 anni

162 3406 290 3488 tempus
314 3405 442 3470 diceret.
478 3405 630 3490 Idemque
651 3405 838 3491 Aesculapii
855 3406 1013 3492 Epidauri
1031 3410 1169 3476 barbam

135 3510 294 3555 ·auream
321 3493 405 3557 demi
432 3493 541 3578 iussit;
567 3515 671 3578 neque
694 3495 779 3558 enim
801 3496 971 3561 convenire
993 3496 1170 3564 barbatum
