2446 3944
504 201 746 266 -171-

121 365 339 450 temperantia
362 365 506 450 accessit,
529 366 647 467 duplex
669 366 791 432 malurn
815 370 874 450 est,
896 366 983 451 quod
1006 369 1039 432 ιι
1056 366 1129 468 ipsa

123 457 270 518 senectus
298 452 433 518 dedecus
461 454 601 539 concipit
629 458 662 520 ct
692 455 771 520 lacit
799 454 1053 520 adulescentium
1082 455 1129 520 in·

121 541 346 626 pudentiorem
364 541 592 626 intemperant'
583 564 657 607 ram
684 542 734 608 Ao
746 563 786 607 ne
800 542 882 607 illud
897 543 1026 627 quidem
1040 526 1116 608 alie
1131 557 1183 607 ιιι

121 651 200 694 num
214 634 273 714 est,
291 629 330 694 de
349 629 612 715 magistratuum,
631 628 669 693 de
689 629 915 731 privatorumL
935 631 973 696 de
987 631 1129 713 civium]‚

123 717 163 782 de
184 717 429 803 peregrinorum
453 717 568 783 officiis
596 717 709 782 dicere.
753 717 815 783 Est
800 718 940 804 tigitur
961 718 1129 804 proprium

122 827 239 870 munus
276 805 489 891 magistratus
526 805 715 890 intellegere
747 826 781 869 se
814 825 926 890 gerere
957 827 1130 891 personam

122 893 265 959 civitatis
289 893 466 977 debereque
490 893 558 957 eius
582 892 776 978 dignitatem
795 896 829 956 et
847 893 943 958 decus
962 894 1129 976 sustinere,

122 1003 252 1047 servare
275 981 374 1067 leges,
395 981 467 1045 iura
489 980 676 1064 discribere,
699 1002 738 1045 ea
759 979 835 1044 fidei
858 1002 934 1046 suae
957 982 1130 1046 commissa

122 1069 317 1134 meminisse.
362 1067 530 1133 Privatum
558 1071 667 1133 autem
697 1071 827 1152 oportet
859 1089 960 1151 aequo
993 1072 1026 1132 et
1057 1069 1130 1153 pari

122 1178 196 1222 cum
215 1156 338 1221 civibus
356 1155 425 1220 iure
443 1156 551 1221 vivere
569 1177 671 1239 neque
691 1155 898 1220 summissum
917 1158 950 1219 ιι
969 1155 1131 1220 abiectum

122 1266 226 1328 neque
245 1265 280 1307 se
298 1241 500 1326 ecferentem,
523 1246 594 1307 turn
611 1243 647 1307 in
664 1265 699 1308 re
721 1243 853 1328 publica
871 1265 909 1308 ea
930 1243 1023 1326 velle,
1048 1263 1130 1326 quae

122 1331 301 1416 tranquilla
328 1334 361 1394 et
392 1332 530 1395 honesta
562 1331 641 1414 sint3
672 1331 773 1397 talem
806 1331 892 1395 enim
924 1330 1064 1395 solemus
1097 1332 1130 1394 et

123 1419 243 1485 sentire
261 1419 429 1484 bonum
402 1439 504 1484 civem
523 1422 556 1483 et
570 1418 683 1484 dicere.
714 1418 882 1504 Peregrini
896 1422 952 1482 aut
954 1440 1038 1482 ema
1040 1422 1116 1501 tque
1132 1431 1182 1483 ιιι

122 1507 249 1573 incolae
268 1506 409 1571 officium
428 1508 478 1570 est
463 1506 578 1570 tnihil
591 1510 721 1607 praeter
735 1529 828 1570 suum
841 1506 1010 1607 negotium
1025 1525 1130 1590 agere,

123 1595 207 1660 nihil
234 1593 273 1659 de
301 1595 366 1658 alio
393 1593 563 1677 anquirere
591 1594 785 1678 minimeque
813 1615 882 1658 esse
909 1593 1130 1658 inalienare

122 1682 254 1768 publica
287 1681 457 1746 curiosum.
502 1681 555 1745 Ita
582 1681 650 1745 fere
678 1680 785 1747 officia
811 1681 1026 1765 reperientur,
1058 1701 1130 1745 cum

123 1774 309 1854 quaeretur,
340 1768 417 1851 quid
445 1768 571 1852 deceat,
601 1771 635 1831 ιι
661 1767 737 1852 quid
764 1771 877 1853 aptum
822 1768 948 1833 umsit
973 1767 1131 1853 personis,

123 1857 339 1943 temporibus,
371 1859 459 1921 ιιιι
409 1856 542 1920 tatibus.
587 1853 758 1920 Nihilt
708 1859 758 1920 est
790 1859 913 1941 eutem,
945 1857 1031 1941 quod
1062 1859 1131 1920 tam

125 1945 243 2029 deceat,
266 1966 363 2028 quam
381 1944 416 2007 in
434 1943 523 2009 omni
539 1965 575 2008 re
594 1943 735 2028 gerenda
754 1944 952 2028 consilioque
976 1943 1130 2029 capiendo

126 2055 255 2098 servare
277 2032 504 2097 constantiam.

191 2118 254 2185 Sed
286 2120 438 2204 quoniam
470 2120 620 2184 decorum
650 2120 730 2186 illud
761 2120 797 2185 in
828 2121 978 2187 omnibus
1011 2119 1117 2202 factis,
1132 2090 1184 2216 ἐξ

125 2208 229 2291 dictis,
247 2209 282 2272 in
300 2207 443 2293 corporis
463 2207 599 2292 denique
616 2211 709 2274 motu
727 2212 760 2273 et
776 2211 865 2274 statu
880 2209 1021 2275 cernitur
1033 2207 1130 2291 idque

124 2297 268 2382 positum
291 2296 396 2361 estin
420 2295 526 2360 tribus
548 2296 659 2379 rebus,
684 2296 902 2381 formositate,
929 2297 1054 2380 ordine,
1069 2315 1132 2360 'or-

124 2388 206 2448 natu
224 2384 265 2449 ad
283 2384 444 2448 actionem
464 2388 550 2469 apto,
569 2383 754 2448 difficilibus
774 2384 815 2448 ad
834 2384 1056 2467 eloquendum,
1075 2381 1131 2447 sed

126 2473 208 2537 setis
227 2471 288 2536 erit
306 2471 463 2557 intellegi,
481 2472 516 2535 in
533 2471 585 2535 his
604 2475 712 2535 autem
731 2471 835 2535 tribus
855 2472 1038 2536 continetur
1054 2493 1131 2536 cura

126 2560 224 2624 etiam
247 2559 315 2643 illa,
337 2563 374 2624 ut
396 2559 572 2643 probemur
593 2558 644 2638 iis,
667 2558 857 2641 quibuscum
878 2558 964 2644 apud
987 2579 1131 2642 quosque

125 2647 287 2731 ιιιιιιιιιι,
309 2646 361 2711 his
385 2667 512 2730 quoque
535 2645 573 2709 de
595 2645 693 2709 rebus
715 2667 819 2731 pauca
841 2645 997 2722 dicantur.
1041 2645 1131 2710 Prin·
1210 2727 1212 2732 Ι

126 2735 210 2819 cipio
243 2735 387 2819 corporis
418 2737 494 2798 nost
480 2732 524 2796 tri
555 2754 709 2818 magnam
743 2735 860 2796 natura
896 2733 970 2816 ipsa
1004 2731 1132 2796 videtur

125 2823 277 2888 habuisse
296 2826 348 2887 rat
349 2823 465 2905 ionem,
489 2843 570 2904 quae
587 2819 727 2885 formam
745 2822 820 2883 nost
821 2841 892 2885 ram
909 2819 1131 2919 reliquamque

125 2911 309 2997 figuram,
299 2933 334 2974 m
357 2932 420 2993 qua
443 2912 529 2973 esset
553 2909 674 2992 species
697 2908 814 2973 honest
816 2929 847 2991 a,
871 2928 943 2971 eam
965 2905 1107 2990 posuit
1097 2927 1132 2969 ιιι

125 3022 295 3150 promp,
244 3003 280 3062 tu
319 3019 400 3081 quae
423 3000 534 3083 partes
558 2999 667 3061 autem
686 2995 834 3081 corporis
858 2994 899 3058 ad
921 2997 1057 3059 naturae
1079 3016 1131 3058 ne-

125 3087 243 3152 cessita
224 3091 311 3150 atem
334 3086 428 3150 datae
452 3088 619 3186 aspectum
638 3086 746 3148 essent
764 3082 942 3146 deformem
960 3081 1053 3146 habit
1039 3086 1131 3146 turae

126 3177 223 3257 atque
245 3172 384 3256 foedum,
408 3195 464 3238 eas
487 3172 630 3238 contexit
652 3195 672 3236 a
672 3175 748 3256 tque
771 3170 903 3236 abdidit.
948 3169 1183 3237 Honora-127

124 3265 217 3326 turae
244 3265 313 3325 tam
342 3224 531 3362 diligentem
556 3260 716 3326 fabricam
738 3259 867 3324 imitate
890 3261 941 3323 est
962 3257 1131 3324 hominum

124 3348 324 3414 verecundia.
353 3347 441 3424 Quae
456 3349 542 3413 enim
554 3352 613 3414 nat
614 3371 673 3413 ura
687 3348 792 3414 occult
778 3347 870 3430 tavit,
885 3347 996 3412 eadem
1011 3369 1131 3432 omnes,

124 3437 180 3520 qui
203 3459 283 3501 sana
306 3441 413 3501 mente
436 3440 525 3520 sunt,
552 3439 720 3503 removent
742 3436 783 3501 ab
806 3435 907 3501 oculis
930 3424 1195 3711 ipsiquebqr(

123 3524 270 3590 cessitati
298 3524 376 3589 dant
404 3546 535 3610 operam
558 3529 596 3589 ut
621 3545 718 3609 quam
742 3523 958 3589 occultissime
981 3533 1071 3610 pare'
