2446 3944
440 223 482 234 —
528 186 681 253 505-

58 364 125 408 non
148 340 316 407 audebitis.
360 338 438 406 Non
461 341 546 406 enim
567 341 693 427 ignoro,
719 341 832 426 quanti
855 341 922 407 eius
945 364 1063 408 nornen

83 429 191 494 utetis.
1200 485 1202 488 ,

59 454 81 515 p
127 515 190 582 Sed
215 516 267 583 hic
292 516 422 601 quidem
442 517 532 583 locus
556 517 702 583 concludi
723 517 790 582 iam
812 521 931 602 potest.
975 517 1062 584 Nam
1073 481 1116 608 δὲ

62 606 90 669 si
113 604 255 670 stultitia
273 626 429 671 consensu
447 605 590 670 omnium
607 604 876 691 philosophorum
895 606 999 671 maius
1014 612 1064 672 est

62 693 198 776 malum,
225 714 322 777 quam
345 693 374 758 si
396 693 504 758 omnia
526 693 614 758 mala
636 696 669 757 εὴ
690 692 841 759 fortunae
864 697 897 758 et
919 695 1063 780 corporis

62 803 100 846 ex
124 782 226 845 altera
247 784 340 865 parte
362 783 535 864 ponantur,
557 780 751 866 sapientiam
770 785 878 846 autem
895 804 991 848 nemo
1011 783 1064 848 ad·

62 869 218 953 sequitur,
246 868 282 932 in
303 868 438 933 summis
461 869 556 933 malis
580 890 690 934 omnes
714 890 837 952 sumus,
865 870 982 953 quibus
1005 892 1063 936 vos

62 961 193 1041 optume
216 957 399 1022 consultum
422 979 442 1021 a
460 956 509 1021 dis
527 956 755 1021 inmortalibus
775 956 889 1022 dicitis.
925 956 1012 1023 Nam
1027 962 1064 1023 ut

61 1044 144 1109 nihil
166 1044 309 1128 interest,
331 1047 442 1108 utrum
462 1066 556 1110 nemo
575 1045 692 1128 valcat,
716 1067 758 1110 an
774 1066 869 1119 nemo
887 1046 993 1129 possit
1011 1069 1064 1110 va

62 1132 138 1215 lere,
163 1132 209 1198 sic
230 1154 297 1197 non
318 1131 488 1218 intellego,
511 1133 589 1217 quid
610 1132 748 1216 intersit,
770 1136 881 1197 utrum
902 1154 997 1198 nemo
1021 1133 1065 1198 sit

62 1220 206 1305 sapiens,
229 1242 271 1285 an
292 1242 387 1285 nemo
412 1242 482 1285 esse
503 1220 617 1305 possit.
662 1218 712 1284 Ac
733 1241 792 1285 nos
816 1220 945 1305 quidem
966 1221 1064 1285 nimis

61 1309 166 1373 multa
193 1308 231 1372 de
258 1329 293 1372 re
321 1308 545 1392 apertissuma
591 1307 723 1372 Telamo
752 1310 860 1373 autem
882 1330 947 1373 uno
969 1331 1065 1374 uersu

62 1397 169 1461 locum
190 1399 297 1460 totum
320 1395 458 1479 conficit,
479 1418 536 1460 cur
559 1395 591 1460 di
613 1395 761 1460 homines
782 1397 971 1482 neglegant:

128 1513 223 1580 Nam
246 1516 279 1580 si
302 1520 448 1602 curent,
474 1518 570 1584 bene
592 1517 705 1582 bonis
728 1518 794 1603 sit,
817 1519 914 1583 mele
937 1520 1065 1604 malis,

642 1606 741 1689 quod
761 1609 861 1671 nunc
885 1607 1002 1671 abest.

62 1743 234 1809 Debebant
261 1744 312 1808 illi
335 1745 464 1828 quidem
486 1744 591 1810 omnis
614 1745 717 1810 bonos
736 1745 879 1830 efficere,
907 1746 1065 1829 siquidem

62 1833 230 1897 hominum
263 1832 373 1918 generi
404 1832 624 1898 consulebant.
669 1831 726 1897 Sin
756 1834 791 1897 id
818 1833 938 1917 minus,
970 1835 1064 1899 bonis
1082 1846 1117 1896 80

64 1920 192 2004 quidem
215 1924 301 1985 certe
323 1914 490 1986 consulere
514 1920 683 1986 debebant.
719 1919 784 1986 Gur
801 1922 903 2008 igitur
921 1923 983 1987 duo
1000 1920 1064 1988 Sci-

62 2009 183 2093 piones,
204 2007 401 2074 fortissimos
425 2013 458 2073 et
480 2008 621 2092 optimos
643 2009 741 2092 viros,
762 2009 797 2074 in
815 2007 974 2094 Hispania
987 2010 1065 2076 Poe

62 2118 124 2162 nus
143 2097 326 2182 oppressit?
345 2119 401 2163 cur
413 2095 573 2161 Maximus
592 2097 709 2162 extulit
722 2097 827 2162 filium
841 2099 1065 2164 consularem?

63 2207 120 2249 cur
141 2183 331 2250 Marcellum
352 2183 519 2250 Hannibal
540 2184 727 2250 interemit?
751 2207 807 2251 cur
828 2185 966 2251 Paulum
985 2185 1064 2252 Oan-

61 2295 123 2338 nae
146 2273 368 2338 sustulenmt?
391 2295 447 2338 cur
460 2272 642 2338 Poenorum
665 2273 849 2339 crudelitati
861 2274 980 2360 Reguli
998 2296 1065 2340 cor·

63 2382 124 2444 pus
148 2364 198 2425 est
219 2361 424 2444 praebitum?
448 2382 504 2425 cur
522 2360 712 2425 Africanum
734 2361 903 2425 domestici
924 2361 1064 2445 parietes

62 2468 130 2511 non
150 2448 320 2512 texerunt?
352 2445 415 2512 Sed
436 2447 516 2512 haec
533 2451 645 2512 vetera
661 2451 694 2513 et
713 2447 778 2512 alia
794 2449 971 2532 permulta3
993 2470 1065 2534 pro·

63 2534 156 2619 piora
178 2533 351 2598 videamus.
393 2532 458 2598 Gur
480 2535 656 2600 avunculus
679 2555 779 2618 meus,
800 2535 851 2600 vir
873 2535 1065 2601 innocentis-

65 2643 175 2686 sumus
192 2621 340 2705 idemque
359 2621 582 2704 doctissumus,
604 2621 639 2685 P.
653 2621 805 2706 Rutilius,
827 2622 862 2686 in
880 2622 975 2688 exilio
994 2625 1064 2688 est?

66 2731 121 2774 cur
144 2708 264 2773 sodalis
287 2729 378 2773 meus
400 2707 588 2774 interfectus
612 2709 699 2774 domi
722 2731 811 2793 suae,
833 2707 982 2774 Drusus?
1010 2733 1065 2777 cur

65 2796 299 2881 temperantiae
316 2796 567 2881 prudentiaeque
585 2797 746 2883 specimen
765 2800 840 2862 ante
858 2798 1066 2863 simulacrum

64 2885 185 2949 Vestae
207 2883 354 2968 pontifex
376 2884 535 2949 maximus
558 2888 609 2948 est
631 2883 667 2960 Q.
686 2882 841 2950 Scaevola
863 2886 1065 2952 trucidatus?

66 2995 122 3038 cur
149 2975 224 3037 ante
252 2972 350 3037 etiam
376 2975 428 3038 tot
453 2972 594 3037 civitatis
616 2973 778 3058 principes
802 2996 821 3038 a
844 2971 948 3039 cinna
969 2975 1066 3038 inter-

66 3060 188 3144 empti?
211 3083 267 3125 cur
286 3060 429 3125 omnium
446 3060 738 3144 perfidiosissimus,
759 3058 793 3126 Ο.
807 3060 940 3145 Marius,
957 3060 993 3137 Q.
1008 3059 1066 3126 Ga·

65 3149 184 3232 tulum,
215 3148 506 3233 praestantissuma
528 3148 686 3234 dignitate
708 3148 827 3234 virum,
853 3149 937 3214 mori
958 3149 1067 3235 potuit
1124 3214 1127 3221 ,

64 3237 195 3301 iubere?
239 3235 317 3300 Dies
341 3235 476 3319 deficiat,
500 3236 528 3300 si
550 3236 649 3301 velim
670 3258 849 3322 numerare,
872 3237 987 3321 quibus
1010 3237 1066 3304 bo

64 3325 115 3389 nis
134 3324 218 3389 male
237 3325 387 3408 evenerit,
409 3345 468 3388 nec
485 3324 601 3409 minus,
623 3324 652 3388 si
670 3346 926 3408 commemorem,
949 3325 1067 3410 quibus

65 3412 222 3498 improbis
245 3412 375 3497 optime.
412 3409 478 3477 Gur
499 3411 585 3477 enim
606 3411 730 3477 Marius
751 3415 822 3478 tarn
842 3412 980 3479 feliciter
997 3246 1114 3696 rep-i

66 3501 184 3565 timum
205 3500 318 3565 consul
342 3499 430 3565 domi
451 3520 528 3565 suae
551 3520 648 3565 senex
665 3503 717 3566 est
733 3501 905 3568 mortum?
927 3522 984 3569 our
1027 3590 1032 3601 .
