2446 3944
463 191 704 256 -203-

82 336 175 402 stitia
198 339 248 400 est
271 336 438 421 cumipse
461 357 519 422 per
542 357 612 401 sese
639 335 730 422 (nam
753 338 849 402 aliter
871 336 998 413 iustitia
1019 359 1086 404 non

81 421 192 510 esset),
210 427 281 488 tum
295 428 428 510 propter
446 425 733 509 amplificationem
750 425 882 491 honoris
901 429 934 490 εὴ
952 425 1085 511 gloriae.

81 511 146 576 Sed
158 514 196 576 ut
209 513 363 596 pecuniae
376 534 444 578 non
457 513 658 597 quaerendae
673 513 778 578 solum
796 513 881 578 ratio
899 516 959 596 est,
972 535 1085 577 verum

82 600 182 664 etiam
200 600 419 684 collocandae,
437 622 519 684 quac
537 603 711 685 perpetuos
730 604 878 685 sumptus
892 600 1085 685 suppeditet,

81 709 141 752 nec
164 688 271 752 solum
293 689 505 772 necessarios,
529 687 586 752 sed
608 688 708 752 etiam
730 688 896 772 liberales,
916 688 962 753 sic
980 689 1086 772 gloria

81 778 116 840 et
139 775 321 858 quaerenda
347 780 381 840 et
408 775 596 841 collocanda
622 776 748 841 ratione
775 780 833 841 est.
883 775 1085 860 Quamquam
1104 792 1138 842 43

81 864 247 947 praeclare
270 860 419 928 Socrates
447 863 531 928 hanc
557 862 645 928 viam
673 863 714 928 ad
741 864 880 950 gloriam
903 865 1086 949 proximam
1215 908 1217 913 -

81 954 116 1014 et
134 951 228 1034 quasi
246 950 518 1034 compendiariam
537 950 665 1016 dicebat
683 972 762 1035 esse,
777 952 805 1017 si
824 952 895 1035 quis
914 953 947 1016 id
966 956 1086 1037 ageret,

82 1041 132 1121 ut,
160 1039 266 1122 qualis
293 1039 408 1103 haberi
434 1039 547 1122 vellet,
574 1039 652 1103 talis
681 1042 775 1103 esset.
820 1037 942 1114 Quodsi
965 1041 1020 1123 qui
1042 1041 1086 1104 si-

82 1126 261 1191 mulatione
294 1129 327 1190 et
358 1126 447 1190 inani
474 1126 693 1191 ostentatione
725 1130 758 1192 et
789 1127 865 1192 ficto
896 1148 963 1191 non
989 1127 1085 1192 modo

82 1235 243 1298 sermone,
270 1213 325 1278 sed
352 1215 451 1277 etiam
478 1215 570 1279 voltu
601 1214 754 1279 stabilem
782 1235 816 1279 se
844 1214 984 1299 gloriam
1012 1236 1087 1279 con-

81 1301 173 1384 sequi
199 1323 295 1386 posse
321 1305 446 1386 rentur,
473 1302 681 1366 vehementer
708 1305 825 1366 errant.
869 1300 958 1367 Vera
980 1302 1086 1388 gloria

81 1389 204 1455 radices
232 1390 302 1474 agit
329 1393 427 1473 atque
454 1389 553 1454 etiam
575 1392 785 1475 propagatur,
807 1390 885 1454 ficta
903 1391 1017 1454 >omnia
1039 1412 1086 1456 ce-

81 1477 192 1542 leriter
214 1481 382 1559 tamquam
402 1477 529 1543 flosculi
551 1476 710 1559 decidunt,
731 1498 790 1542 nec
809 1477 998 1543 simulatum
1016 1481 1087 1562 pot·

82 1568 132 1629 est
155 1564 327 1649 quicquam
350 1586 420 1630 esse
448 1564 642 1629 diuturnum.
687 1564 801 1629 Testes
829 1568 906 1629 sunt
932 1566 1087 1650 permulti

80 1653 116 1717 in
137 1655 308 1736 utramque
330 1656 471 1737 partem,
490 1653 546 1717 sed
563 1652 734 1717 brevitatis
753 1674 850 1717 causa
867 1653 994 1717 familia
1011 1674 1086 1718 con-

80 1740 163 1805 tenti
191 1740 309 1805 erimus
337 1763 410 1804 una.
459 1738 507 1804 Ἠ.
530 1740 616 1804 enim
640 1737 804 1804 Gracchus
827 1738 862 1804 P.
884 1739 907 1804 f.
935 1743 1005 1805 tam
1032 1741 1086 1805 diu

80 1829 275 1910 laudabitur,
294 1828 369 1892 dum
388 1827 544 1893 memoria
561 1848 669 1891 rerum
687 1827 908 1893 Romanarum
927 1828 1086 1912 manebit3

42 1997 44 2001 y
81 1919 118 1980 at
150 1916 217 1980 eius
247 1915 309 1980 filii
339 1936 399 1981 nec
424 1915 492 1981 vivi
518 1915 741 1999 probabantur
772 1915 867 1980 bonis
901 1919 934 1980 εὴ
965 1917 1086 1980 mortui

81 2025 250 2067 numerum
274 2003 424 2087 optinent
441 2003 510 2067 iure
529 2024 704 2067 caesorum.
741 2001 804 2078 Qui
825 2002 928 2088 igitur
950 2003 1085 2088 adipisci
1098 2006 1138 2070 13

80 2113 190 2156 veram
218 2091 357 2176 gloriam
383 2091 485 2175 volet,
511 2090 656 2156 iustitiae
683 2091 840 2176 fungatur
867 2089 991 2156 officiis.
1036 2091 1086 2156 Ea

81 2201 163 2262 quae
186 2182 307 2262 essent,
331 2178 452 2243 dictum
475 2182 525 2243 est
547 2179 582 2243 in
604 2178 688 2244 libro
712 2179 885 2263 superiore.

168 2264 231 2330 Sed
253 2269 290 2330 ut
311 2264 475 2351 facillime,
498 2267 610 2350 quales
634 2266 744 2350 simus,
766 2267 851 2331 tales
870 2287 940 2330 esse
957 2247 1137 2373 videa-(1432)

80 2376 162 2439 mur,
184 2354 247 2419 etsi
268 2355 303 2418 in
325 2375 363 2419 eo
386 2355 457 2439 ipso
480 2354 529 2419 vis
552 2354 694 2419 maxima
716 2358 780 2438 cst,
802 2357 839 2418 ut
858 2353 958 2418 simus
977 2353 1009 2437 ii,
1029 2354 1084 2439 qui

80 2441 195 2506 haberi
211 2442 365 2525 velimus,
383 2445 493 2506 tamen
511 2442 668 2526 quaedam
686 2444 859 2526 praecepta
878 2441 982 2506 danda
1000 2445 1085 2506 sunt.

80 2527 165 2593 Nam
188 2529 217 2594 si
240 2530 311 2613 quis
335 2530 376 2594 ab
399 2529 529 2594 ineunte
552 2533 659 2594 aetate
681 2529 782 2594 habet
800 2551 931 2594 causam
952 2529 1086 2594 celebri-

80 2617 160 2681 tatis
183 2620 217 2681 et
238 2617 379 2682 nominis
403 2620 460 2681 aut
483 2640 502 2681 a
524 2620 617 2701 patre
637 2620 814 2700 acceptam,
839 2615 924 2699 quod
946 2617 1016 2699 tibi,
1039 2617 1086 2681 mi

80 2703 192 2770 Cicero
197 2755 206 2788 ,
225 2705 367 2769 arbitror
390 2704 580 2790 contigisse,
599 2706 656 2768 aut
679 2704 787 2787 aliquo
807 2725 885 2768 casu
904 2706 1000 2787 atque
1018 2703 1085 2769 for-

79 2796 173 2875 tuna,
203 2792 238 2856 in
274 2793 359 2858 hunc
391 2793 476 2858 oculi
513 2791 658 2856 omnium
690 2790 891 2855 coniciuntur
922 2793 1019 2871 atque
1050 2791 1086 2853 in

79 2902 166 2963 eum,
189 2880 267 2964 quid
289 2883 381 2966 agat,
405 2878 709 2963 quemadmodum
727 2878 827 2959 vivat,
844 2875 1021 2960 inquiritur
1043 2881 1085 2961 et,

79 2971 248 3051 tamquam
274 2968 309 3032 in
332 2968 513 3033 clarissima
535 2968 606 3032 luce
628 2969 787 3048 versetur,
809 2965 858 3029 ita
879 2963 1006 3028 nullum
1030 2965 1084 3028 ob-

79 3077 208 3120 scurum
230 3059 340 3140 potest
362 3077 421 3121 nec
439 3055 560 3120 dictum
579 3054 646 3119 eins
671 3075 741 3117 esse
758 3075 817 3117 nec
834 3051 967 3116 factum.
999 3050 1084 3127 Quo·
1102 3068 1137 3118 45

77 3164 151 3208 rum
179 3147 288 3208 autem
316 3144 423 3227 prima
450 3146 539 3206 aetas
566 3145 701 3226 propter
728 3140 948 3205 humilitatem
971 3142 1003 3202 εὴ
1027 3140 1084 3204 ob-

78 3230 268 3295 scuritatem
289 3231 324 3294 in
346 3230 513 3295 hominum
531 3229 736 3314 ignoratione
754 3231 912 3311 versatur,
930 3226 968 3310 ii,
986 3227 1084 3292 simul

78 3340 115 3384 ac
141 3319 273 3383 iuvenes
301 3340 371 3382 esse
399 3321 586 3402 coeperrmt,
608 3337 729 3401 magna
757 3319 903 3400 spectare
926 3318 959 3379 εὴ
983 3316 1023 3379 ad
1046 3337 1085 3379 ea

76 3406 174 3470 rectis
208 3405 324 3470 studiis
361 3405 478 3470 debent
510 3404 714 3487 contendere3
749 3404 834 3488 quod
871 3423 908 3468 co
940 3403 1084 3467 firmiore
1093 3374 1164 3711 r

76 3493 186 3558 auimo
209 3492 342 3577 facient,
370 3493 446 3576 quia
473 3514 540 3558 non
561 3492 656 3557 modo
684 3512 750 3556 non
771 3490 934 3556 invidetur
956 3491 1008 3555 illi
1031 3509 1086 3554 ae·
