2446 3944
475 200 718 266 -539-

82 357 222 444 Optime,
237 360 344 444 inquit
358 357 474 443 Scipio.
511 359 601 445 Ergo
615 358 780 443 Archytas
799 357 1000 424 iracundiam
1013 359 1100 425 ride·
1120 376 1154 425 eo

82 448 160 513 licet
182 449 393 514 dissidentem
416 471 435 513 a
453 448 579 513 ratione
603 447 797 513 seditionem
820 448 982 532 quandam
1001 448 1101 513 animi

83 558 157 601 vere
190 537 329 602 ducebat
362 557 491 619 eamque
522 537 661 601 consilio
699 537 804 601 sedari
836 537 981 621 volebat,
1019 536 1100 601 adde

77 625 270 708 ‘avaritiam
307 625 388 690 adde
420 624 561 710 imperii,
599 625 679 690 adde
717 625 842 710 gloriae
879 626 1101 711 cupiditatem,

84 714 165 778 adde
188 714 353 799 libidines3
383 716 416 778 et
443 713 525 778 illud
547 713 651 797 vides,
679 713 708 777 si
735 714 770 777 in
794 713 910 777 animis
932 713 1101 779 hominum

83 803 193 886 regale
228 803 399 888 imperium
436 802 495 888 sit,
536 801 629 867 unius
662 800 733 867 fore
770 801 989 887 dominatum,
1026 825 1101 868 con·

84 892 152 956 silii
180 891 304 957 seilicet
331 889 384 978 (ea
412 894 462 956 est
490 890 576 956 enim
605 890 705 956 animi
733 912 810 974 pars
844 889 998 976 optima),
1026 912 1100 957 oon·

84 980 159 1046 silio
188 985 296 1046 autem
324 979 512 1044 dominante
539 979 664 1045 nullum
694 1001 763 1045 esse
796 979 1001 1062 libidinibus,
1031 981 1101 1044 nul·

83 1071 153 1134 lum
175 1070 251 1154 irae,
274 1068 399 1134 nullum
419 1068 597 1134 temeritati
616 1069 731 1133 locum.
768 1067 807 1132 L.
826 1066 889 1150 Sic,
907 1068 1022 1153 inquit,
1042 1070 1100 1131 est.

85 1157 119 1224 S.
136 1157 260 1222 Probas
284 1157 385 1243 igitur
405 1158 550 1222 animum
567 1157 614 1222 ita
634 1155 819 1222 adfectum?
855 1155 894 1220 L.
907 1156 1001 1221 Nihil
1015 1177 1101 1240 vero,

84 1246 199 1330 inquit,
218 1247 334 1330 magis.
369 1245 403 1313 S.
421 1245 512 1330 Ergo
531 1267 598 1311 non
616 1246 783 1330 probares,
803 1245 832 1309 si
851 1245 986 1310 consilio
1005 1245 1100 1328 pulso

84 1334 244 1418 libidines,
268 1356 349 1418 quae
373 1339 450 1399 sunt
471 1334 741 1418 innumerabiles,
764 1333 990 1398 iracundiaeve
1012 1336 1102 1397 tene·

84 1425 158 1486 rent
181 1421 314 1487 omnia?
359 1423 397 1487 L.
421 1422 493 1507 Ego
512 1444 588 1488 vero
611 1422 696 1487 nihil
718 1422 783 1486 isto
807 1423 927 1505 animo,
950 1421 1032 1486 nihil
1054 1421 1101 1485 ita

85 1509 229 1575 animato
265 1510 396 1575 homine
441 1512 590 1575 miserius
623 1512 781 1577 ducerem.
835 1510 868 1577 S.
901 1508 967 1575 Sub
998 1530 1100 1595 regno

84 1598 186 1685 igitur
207 1598 270 1662 tibi
289 1621 359 1663 esse
382 1599 491 1683 placet
514 1599 619 1664 omnis
644 1599 744 1664 animi
762 1604 881 1684 partes,
905 1603 938 1664 et
957 1620 1011 1663 eas
1030 1599 1101 1685 regi

85 1686 244 1753 consilio?
289 1687 328 1752 L.
351 1686 432 1751 Mihi
451 1709 527 1752 vero
552 1688 599 1753 sic
621 1689 738 1772 placet.
783 1688 816 1754 S.
835 1687 900 1753 Cur
921 1688 1024 1772 igitur
1047 1686 1101 1751 du-

84 1776 180 1858 bitas,
203 1775 280 1859 quid
303 1775 341 1839 de
364 1776 548 1860 republica
572 1777 716 1842 sentias?
744 1776 779 1841 in
798 1798 871 1860 qua,
895 1776 924 1840 si
941 1777 976 1840 in
992 1776 1101 1861 plures

84 1866 244 1929 translata
266 1885 318 1928 res
342 1865 394 1948 sit,
416 1865 563 1950 intellegi
586 1866 652 1931 iam
674 1866 751 1930 licet
767 1866 895 1930 nullum
912 1864 992 1949 fore,
1016 1864 1102 1948 quod

84 1954 220 2036 praesit,
247 1953 432 2038 imperium,
460 1955 545 2037 quod
569 1954 711 2039 quidem,
729 1954 795 2018 nisi
818 1976 918 2018 unum
943 1953 998 2037 sit,
1031 1974 1101 2017 esse

84 2042 211 2106 nullum
234 2044 354 2125 potest.
812 2075 814 2082 ’

152 2129 236 2195 Tum
259 2131 403 2195 Laelius:
433 2130 530 2217 Quid,
559 2152 694 2216 quaeso,
721 2131 859 2196 interest
888 2132 972 2196 inter
1000 2153 1136 2248 unum6

85 2219 274 2303 etplures,
307 2221 334 2284 si
366 2221 493 2284 iustitia
525 2221 642 2285 estin
678 2221 850 2304 pluribus?
901 2220 946 2285 Et
977 2199 1153 2305 Scipio&

85 2306 246 2407 Quoniam
273 2309 412 2373 testibus
441 2309 521 2373 meis
545 2310 704 2392 intellexi,
728 2309 833 2390 Laeli,
863 2311 984 2372 tenen
1007 2307 1101 2371 valde

84 2395 222 2478 moveri,
249 2417 316 2459 non
339 2395 484 2460 desinam
507 2400 540 2459 te
563 2397 612 2460 uti
635 2359 704 2460 test
686 2400 793 2480 tute,
815 2357 886 2479 lioc,
910 2395 997 2479 quod
1020 2395 1102 2477 dico,

79 2482 228 2565 probem.
274 2481 343 2565 Me,
374 2484 480 2566 inquit
511 2483 580 2568 ille,
612 2506 752 2567 quonam
785 2482 905 2547 modo?
955 2481 988 2549 S.
1017 2482 1102 2559 Quia

85 2570 230 2635 animum
255 2571 380 2634 adverti
402 2593 513 2655 nuper,
539 2593 611 2635 cum
637 2593 780 2635 essemus
804 2572 838 2635 in
860 2569 1044 2654 Formiano,
1067 2574 1101 2635 te

85 2659 230 2723 familiae
254 2659 346 2724 valde
370 2658 576 2740 interdicere,
599 2663 637 2723 ut
660 2660 716 2723 uni
740 2659 825 2725 dicto
850 2659 982 2724 audiens
1006 2662 1101 2724 esset.

84 2747 123 2812 L.
152 2746 278 2832 Quippe
306 2747 413 2813 vilico.
458 2747 491 2814 S.
519 2746 624 2823 Quid?
653 2749 741 2813 domi
768 2748 919 2833 pluresne
946 2751 1101 2832 praesunt

84 2836 224 2920 negotiis
248 2836 335 2901 tuis?
379 2835 418 2900 L.
436 2835 541 2901 Immo
565 2858 641 2902 vere
664 2859 758 2916 unus,
781 2837 896 2921 inquit.
941 2835 974 2903 8.
994 2834 1100 2911 Quid?

85 2929 191 2990 totam
210 2925 341 2990 domum
360 2948 438 2989 num
457 2926 529 3010 quis
549 2927 631 2991 alter
649 2929 779 3010 praeter
797 2929 829 2990 te
848 2925 954 3009 regit?
984 2925 1021 2989 L.
1041 2923 1100 2988 Mi-

84 3014 172 3079 nime
199 3036 286 3079 vero.
331 3013 363 3081 S.
392 3013 477 3089 Quin
504 3018 541 3078 tu
574 3015 675 3099 igitur
708 3014 855 3080 concedis
887 3014 971 3078 idem
1004 3014 1039 3077 in
1065 3034 1100 3077 re

84 3102 229 3186 publica,
262 3104 462 3187 singulorum
491 3102 690 3183 dominatus,
723 3104 751 3167 si
784 3102 880 3167 modo
914 3103 993 3167 iusti
1026 3101 1101 3186 sint,

86 3211 156 3254 esse
180 3191 343 3275 optimos?
388 3191 425 3256 L.
449 3191 617 3275 Adducor,
639 3191 760 3276 inquit,
783 3195 820 3256 ut
842 3213 944 3276 prope
968 3191 1101 3257 modum

86 3279 260 3344 adsentiar.
1110 3331 1154 3395 40

151 3366 197 3432 Et
224 3365 344 3453 Scipio.
377 3368 459 3433 Tum
489 3368 593 3454 magis
626 3369 752 3433 adsent
728 3372 822 3453 trare,
854 3367 958 3470 Laeli,
991 3369 1085 3454 si,u
1064 3372 1101 3432 ut

86 3455 237 3522 omittam
260 3457 499 3540 similitudines,
522 3479 579 3521 um
570 3457 817 3542 gubernatori,
841 3458 897 3521 uni
921 3457 1102 3542 medico,s1

84 3545 175 3630 digni
197 3546 294 3612 modo
318 3547 384 3611 sint
406 3545 448 3611 iis
472 3567 508 3610 ar
508 3546 608 3632 tibus,
631 3546 752 3612 rectius
776 3568 847 3612 esse
865 3547 960 3612 alteri
983 3566 1101 3612 navem
1092 3424 1175 3695 1

1111 2094 1153 2158 39
