2446 3944
468 190 709 258 -325-

81 371 219 434 poenam
234 347 304 413 Tib.
319 347 457 414 Gracchi
476 349 700 432 sustinuimus,
719 349 757 414 de
772 345 806 414 O.
822 347 959 415 Gracchi
978 353 1087 415 autem

81 437 251 502 tribunatu
273 436 351 520 quid
374 441 547 521 expectem,
571 459 637 503 non
659 438 751 502 lubet
774 437 936 523 augurari.
981 435 1089 523 Serpit

81 526 105 607 †
128 525 240 591 deinde
263 546 324 609 res,
348 547 429 608 quae
452 524 604 608 proclivis
628 526 669 590 ad
691 525 873 610 perniciem,
896 548 969 592 cum
987 527 1088 591 semel

83 613 201 698 coepit,
228 613 359 678 labitur.
404 611 545 696 Videtis,
572 613 606 678 in
634 614 757 679 tabella
778 614 843 678 iam
868 618 942 678 ante
966 619 1088 698 quanta

83 702 126 765 sit
152 700 241 766 facta
267 701 373 782 labes,
403 701 508 785 primo
537 699 677 766 Gabinia
704 702 790 786 lege,
821 701 951 767 biennio
979 707 1088 768 autem

82 792 158 873 post
185 786 306 853 Cassia.
351 787 469 853 Videre
497 789 563 854 iam
590 789 702 854 videor
733 789 890 872 populum
923 812 942 854 a
973 795 1089 855 senatu

84 875 291 958 disiunctum,
327 876 545 941 multitudinis
582 877 719 942 arbitrio
751 898 802 941 res
835 876 992 942 maximas
1025 880 1088 964 agi.

83 961 197 1028 Plures
230 964 315 1028 enim
347 964 486 1049 discent,
526 987 622 1048 quem
654 966 694 1029 ad
726 965 857 1029 modum
888 965 967 1029 haec
999 965 1088 1049 fiant,

86 1072 181 1133 quam
200 1073 295 1135 quem
315 1051 356 1116 ad
374 1052 504 1117 modum
522 1053 563 1116 iis
586 1052 766 1118 resistatur.
803 1050 963 1126 Quorsum
986 1052 1088 1117 haec?
1106 1069 1141 1117 42

84 1138 166 1214 Quia
189 1138 257 1204 sine
280 1139 376 1205 sociis
400 1161 494 1204 nemo
518 1139 690 1224 quicquam
713 1141 779 1204 tale
807 1143 950 1204 conatur.
995 1139 1089 1204 Prae·

84 1227 266 1311 cipiendum
289 1232 340 1293 est
362 1227 464 1312 igitur
486 1227 591 1312 bonis,
613 1231 659 1311 ut,
682 1228 710 1292 si
732 1227 767 1290 in
790 1227 964 1291 eiusmodi
983 1226 1089 1291 amici·

83 1314 147 1379 tias
174 1314 282 1400 ignari
309 1336 384 1381 casu
412 1315 522 1399 aliquo
549 1314 733 1398 inciderint,
760 1336 801 1378 ne
830 1314 1015 1379 existiment
1042 1314 1091 1379 ita
1130 1357 1133 1361 «

84 1423 118 1466 se
142 1403 306 1488 alligatos
329 1407 366 1468 ut
389 1404 430 1467 ab
454 1403 565 1468 amicis
588 1403 623 1467 in
641 1424 761 1487 magna
778 1402 888 1486 aliqua
906 1423 940 1466 re
959 1401 1090 1487 publica

83 1490 293 1574 peccantibus
315 1513 380 1556 non
400 1491 578 1573 discedant3
599 1490 747 1575 inprobis
770 1493 878 1554 autem
901 1511 1005 1573 poena
1026 1494 1089 1554 sta-

84 1579 204 1643 tuenda
226 1582 285 1662 est,
307 1601 365 1644 nec
388 1601 464 1644 vero
488 1579 594 1643 minor
616 1578 665 1662 iis,
691 1577 746 1661 qui
769 1576 869 1642 secuti
893 1580 987 1641 erunt
1010 1578 1090 1642 alte-

84 1688 165 1748 rum,
188 1689 285 1750 quam
304 1666 353 1750 iis,
377 1667 433 1750 qui
449 1666 513 1750 ipsi
530 1666 652 1731 fuerint
670 1664 848 1749 impietatis
869 1664 974 1730 duces.
1010 1664 1089 1740 Quis

84 1754 203 1819 clarior
229 1755 264 1818 in
291 1753 427 1819 Graecia
454 1753 684 1837 Themistocle,
717 1752 788 1835 quis
815 1753 1001 1836 potentior?
1034 1753 1090 1836 qui

84 1864 157 1907 cum
179 1842 357 1926 imperator
379 1843 467 1908 bello
490 1841 619 1907 Persico
644 1839 799 1906 servitute
820 1840 989 1906 Graeciam
1011 1841 1090 1904 libe-

84 1930 222 1995 ravisset
236 1933 432 2014 propterque
447 1930 602 1996 invidiam
620 1929 655 1993 in
673 1929 805 1994 exilium
824 1931 975 2014 expulsus
995 1931 1091 2012 esset,

85 2018 234 2102 ingratae
251 2018 378 2102 patriae
396 2018 547 2083 iniuriam
564 2040 629 2083 non
648 2018 735 2101 tulit,
754 2040 851 2101 quam
869 2016 954 2081 ferre
970 2016 1089 2099 debuit,

83 2105 161 2170 fecit
178 2106 273 2187 idem,
292 2107 378 2190 quod
396 2129 437 2170 xx
455 2107 548 2171 annis
567 2110 642 2171 ante
661 2106 746 2190 apud
764 2127 823 2170 nos
841 2105 962 2170 fecerat
981 2102 1090 2169 Corio·

84 2194 188 2258 lanus.
223 2193 285 2258 His
305 2194 433 2259 adiutor
451 2198 565 2260 contra
582 2194 723 2279 patriam
741 2193 891 2258 inventus
910 2196 959 2257 est
982 2212 1090 2273 nemo;

84 2281 194 2365 itaque
227 2285 366 2346 mortem
398 2282 461 2346 sibi
491 2285 626 2366 uterquc
658 2281 821 2347 conscivit.
872 2279 976 2355 Quare
1012 2278 1090 2344 talis
1108 2294 1141 2342 43

84 2369 295 2453 inproborum
313 2370 481 2435 consensio
498 2391 565 2433 non
583 2369 678 2434 modo
702 2368 906 2433 excusatione
930 2366 1090 2432 amicitiae

86 2457 225 2543 tegenda
247 2462 390 2542 nonest,
413 2458 469 2522 sed
487 2457 596 2541 potius
616 2455 774 2540 supplicio
794 2455 882 2519 omni
900 2453 1091 2529 vindicanda

86 2549 149 2629 est,
176 2549 212 2609 ut
238 2567 279 2610 ne
307 2546 379 2630 quis
407 2566 593 2611 concessum
616 2547 709 2627 putet
732 2542 870 2607 amicum
892 2543 945 2607 vel
968 2543 1091 2607 bellum

85 2633 210 2717 patriae
240 2633 432 2698 inferentem
465 2631 570 2715 sequi3
601 2630 686 2714 quod
719 2629 861 2713 quidem,
892 2633 930 2694 ut
960 2651 1011 2693 res
1043 2629 1090 2691 ire

86 2720 206 2804 coepit,
235 2722 323 2786 haud
355 2721 420 2785 scio
453 2742 495 2784 an
526 2717 699 2801 aliquando
730 2718 876 2782 futurum
909 2716 960 2779 sit.
1008 2714 1091 2778 Mihi

86 2812 195 2873 autem
216 2806 286 2874 non
305 2808 424 2873 minori
447 2828 540 2872 curae
563 2809 626 2889 est,
654 2805 759 2889 qualis
786 2826 838 2868 res
861 2803 992 2888 publiea
1013 2805 1090 2886 post

86 2899 225 2961 mortem
248 2918 355 2961 meam
376 2897 501 2979 futura,
524 2915 621 2977 quam
645 2892 750 2976 qualis
772 2891 868 2956 hodie
892 2890 944 2954 sit.

151 2983 240 3049 Haec
262 2984 365 3070 igitur
386 2984 493 3069 prima
514 2984 567 3046 lex
590 2980 751 3046 amicitiae
779 2979 955 3061 sanciatur,
984 2980 1021 3042 ut
1048 2977 1089 3041 ab
1101 2956 1142 3020 13

86 3071 197 3136 amicis
220 3071 359 3136 honesta
380 3075 542 3155 petamus,
566 3069 742 3134 amicorum
766 3089 862 3132 causa
884 3067 1022 3130 honesta
1044 3064 1090 3129 fa·
1108 3033 1143 3081 44

86 3159 218 3238 ciamus,
235 3181 275 3224 ne
290 3161 509 3244 exspectemus
525 3157 662 3241 quidem,
676 3157 752 3220 dum
765 3176 930 3240 rogemur3
949 3153 1090 3218 studium

86 3268 213 3331 semper
244 3247 342 3329 adsit,
375 3244 537 3311 cunctatio
570 3245 672 3328 absit3
704 3243 874 3309 consilium
906 3263 983 3307 vero
1015 3242 1091 3306 dare

86 3335 260 3398 audeamus
292 3333 402 3399 libere.
456 3332 637 3397 Plurimum
667 3331 703 3396 in
736 3331 879 3396 amicitia
915 3329 998 3395 amic

85 3422 167 3489 bene
190 3421 394 3486 suadentium
417 3420 526 3492 valeat
548 3420 739 3503 auctoritas,
763 3440 863 3502 eaque
886 3422 919 3482 et

85 3513 140 3574 tur
158 3509 199 3575 ad
217 3509 412 3574 monendum
431 3529 498 3573 non
516 3507 611 3572 modo
631 3510 751 3591 aperte,
774 3507 946 3572 sedetiam
965 3350 1025 3703 q
