2446 3944
533 182 772 246 -452-

149 344 341 411 tractatione
359 343 461 407 libere
480 341 585 406 dicere
604 341 757 406 auderent
775 341 930 424 sapientis
945 363 1022 407 esre
1037 364 1168 428 semper

149 432 368 514 beatissimos,
398 430 431 495 id
460 430 558 494 velim
587 430 709 509 audire,
742 450 838 513 quem
867 429 909 494 ad
942 431 1083 496 modum
1114 433 1165 498 his

149 523 243 604 putes
266 522 515 584 consentaneum
538 539 608 582 esse
630 518 665 581 id
687 517 800 582 dicere.
842 516 949 582 Multa
971 519 1066 584 enim
1091 543 1112 585 a
1133 525 1165 585 te

150 611 262 673 contra
276 608 373 671 istam
388 605 582 671 sententiam
597 605 682 670 dieta
697 608 818 670 suntet
832 603 1020 671 Stoicorum
1033 608 1164 675 ratione

150 696 310 760 conclusa.

98 795 131 843 83
216 784 264 848 M.
285 782 426 848 Utamur
443 761 543 866 igitdr
561 782 721 865 libertate,
739 803 802 865 qua
820 781 915 846 nobis
935 781 1019 846 solis
1037 783 1075 848 in
1093 784 1163 868 phi-

148 871 297 953 losophia
323 871 401 935 licet
427 871 489 953 uti,
517 891 653 954 quornm
680 871 783 934 oratio
809 868 891 934 nihil
922 869 998 953 ipsa
1030 870 1163 957 iudicat,

151 959 206 1024 sed
233 959 371 1023 habetur
396 959 431 1022 in
459 958 563 1023 omnis
590 957 705 1040 partis,
732 961 769 1022 ut
791 957 832 1020 ab
855 957 928 1022 aliis
956 959 1068 1040 possit
1091 961 1162 1044 ipsa

149 1069 208 1131 per
240 1068 309 1111 sese
345 1046 468 1110 nullius
500 1045 691 1110 auctoritate
727 1045 878 1110 adiuncta
908 1045 1059 1112 iudicari.
1119 1047 1161 1112 Et

150 1135 301 1218 quoniam
334 1133 453 1198 videris
484 1133 548 1198 hoc
578 1134 673 1216 velle,
704 1136 755 1216 ut,
784 1154 1005 1218 quaecumque
1038 1135 1160 1201 dissen-

149 1223 299 1287 tientium
317 1222 585 1305 philosophorum
601 1221 762 1286 sententia
780 1221 824 1285 sit
842 1221 881 1286 de
898 1222 1031 1304 finibus,
1049 1227 1159 1289 tamen
1215 1254 1217 1269 =

148 1310 250 1375 virtus
274 1310 353 1374 satis
380 1309 501 1373 habeat
523 1309 564 1373 ad
593 1309 694 1373 vitam
721 1308 850 1373 beatam
876 1309 1049 1395 praesidii,
1077 1312 1159 1396 quod

150 1398 279 1482 quidem
302 1396 499 1462 Carneadem
526 1397 701 1480 disputare
715 1397 848 1461 solitum
876 1397 1077 1484 accepimus;
1106 1400 1159 1466 sed

149 1486 191 1564 is,
219 1489 256 1549 ut
282 1489 395 1550 contra
422 1482 561 1568 Stoicos,
588 1507 669 1569 quos
698 1484 932 1550 studiosissime
959 1507 1090 1570 semper
1113 1510 1158 1552 rc·

150 1573 294 1657 fellebat,
324 1576 356 1637 et
378 1577 491 1638 contra
513 1594 648 1656 quorum
671 1572 874 1655 disciplinam
896 1572 1071 1658 ingenium
1093 1576 1157 1640 eius

150 1665 325 1744 exarserat,
357 1682 416 1725 nos
447 1660 576 1745 quidem
607 1661 689 1725 illud
721 1682 793 1724 cum
824 1681 902 1743 pace
934 1681 1082 1746 agemus.
1127 1663 1159 1729 Si

150 1751 235 1815 enim
251 1747 363 1815 Stoici
389 1748 463 1812 finis
490 1748 648 1813 honorum
669 1752 757 1812 recte
779 1748 981 1832 posiverunt,
1013 1751 1165 1816 confecta

150 1858 201 1901 res
229 1840 291 1901 cst:
318 1857 446 1900 neccsse
475 1839 525 1900 est
552 1858 676 1919 semper
707 1836 838 1900 beatum
865 1857 935 1900 esse
968 1839 1158 1922 sapientem.

98 1935 132 1985 84
150 1922 213 1989 Sed
232 1944 424 2008 quaeramus
442 1944 538 1988 unam
556 1945 716 2009 quamque
734 1924 932 2008 reliquorum
951 1927 1157 2011 sententiam,

150 2012 179 2076 si
209 2011 281 2075 fieri
312 2014 434 2094 potest,
465 2015 502 2074 ut
532 2011 595 2076 hoc
626 2012 828 2094 praeclarum
864 2012 958 2095 quasi
994 2012 1158 2080 decretum

149 2099 262 2164 beatae
289 2099 373 2162 vitae
401 2098 507 2181 possit
538 2099 681 2164 omnium
714 2099 881 2166 sententiis
912 2104 945 2164 et
978 2101 1157 2187 disciplinis

151 2207 328 2251 convenire.

98 2270 140 2333 30
217 2271 298 2338 Sunt
326 2276 434 2338 autem
460 2274 540 2338 hacc
562 2273 601 2338 de
626 2275 757 2359 finibus,
787 2279 825 2340 ut
855 2276 984 2361 opinor,
1014 2282 1159 2345 retentae

150 2360 360 2445 defensaeque
397 2361 590 2426 sentcntiae:
626 2363 765 2445 primum
800 2363 962 2446 simplices
996 2371 1159 2452 quattuor,

148 2449 233 2514 nihil
264 2450 386 2515 bonum
417 2450 481 2514 nisi
507 2450 691 2535 honestum,
717 2455 754 2515 ut
782 2449 896 2534 Stoici,
922 2452 1007 2517 nihil
1038 2455 1158 2520 honum

149 2537 213 2602 nisi
235 2537 449 2621 voluptatem,
471 2541 509 2601 ut
526 2538 699 2622 Epicurus,
720 2539 803 2603 nihil
826 2539 947 2603 bonum
969 2539 1035 2606 nisi
1053 2544 1158 2608 vacui·

148 2628 250 2689 tatem
278 2626 404 2709 doloris,
434 2629 471 2689 ut
497 2624 729 2709 Hieronymus,
756 2627 838 2690 nihil
865 2627 987 2692 bonum
1014 2630 1084 2695 nisi
1106 2653 1158 2697 na-

149 2716 240 2777 turae
263 2713 377 2795 primis
402 2713 495 2777 bonis
520 2715 576 2777 aut
594 2714 743 2778 omnibus
767 2718 823 2779 aut
843 2716 1003 2780 maxumis
1025 2717 1104 2802 frui,
1125 2720 1160 2785 ut

150 2798 328 2865 Carneades
349 2804 461 2865 contra
479 2799 603 2866 Stoicos
628 2802 812 2867 disserebat.
848 2801 937 2867 Haec
956 2803 1061 2888 igitur
1085 2808 1157 2871 sim·

97 2905 131 2954 85
150 2888 258 2971 plicia,
275 2887 334 2951 illa
352 2889 467 2952 mixta:
485 2889 549 2952 tria
566 2909 684 2974 genera
698 2890 865 2973 honorum,
883 2912 1036 2957 maxuma
1051 2894 1158 2977 animi,

150 2975 288 3039 secunda
316 2976 471 3059 corporis,
499 2978 631 3041 externa
656 2978 768 3062 tertia,
796 2981 834 3042 ut
860 2976 1073 3061 Peripatetici
1101 3003 1158 3048 nec

149 3063 251 3128 multo
279 3067 402 3127 veteres
429 3062 615 3129 Academici
643 3086 748 3148 secus3
775 3065 975 3148 voluptatem
1002 3089 1079 3134 curn
1103 3070 1157 3136 ho

148 3154 275 3214 nestate
293 3149 515 3215 Dinomachus
534 3155 567 3216 et
585 3149 734 3236 Callipho
752 3153 926 3237 copulavit,
943 3154 1157 3223 indolentiam

151 3241 259 3302 autem
277 3238 440 3303 honestati
458 3239 692 3322 Peripateticus
710 3240 871 3306 Diodorus
891 3241 1050 3310 adiunxit.
1089 3246 1159 3310 Hae

149 3328 225 3389 sunt
243 3326 435 3408 sententiae,
454 3347 534 3410 quae
553 3327 740 3392 stabilitatis
760 3328 881 3411 aliquid
900 3328 1060 3417 habeant3
1083 3355 1159 3400 nam
1183 3390 1188 3401 .

201 3411 328 3497 atonis,
350 3413 543 3498 Pyrrhonis,
565 3415 660 3479 Erilli
683 3437 749 3481 non
772 3417 997 3502 nullorumque
1020 3420 1159 3487 aliorum

69 3406 356 3723 Wanuerunt.
389 3501 433 3566 Hi
446 3501 522 3586 quid
535 3504 662 3586 possint
676 3503 830 3590 obtinere,
845 3504 1012 3571 videamus
1028 3510 1159 3577 omissis

69 3635 93 3688 μ..
