<?xml version="1.0" encoding="UTF-8"?>
<!DOCTYPE html PUBLIC "-//W3C//DTD XHTML 1.0 Transitional//EN"
    "http://www.w3.org/TR/xhtml1/DTD/xhtml1-transitional.dtd">
<html xmlns="http://www.w3.org/1999/xhtml" xml:lang="en" lang="en">
 <head>
  <title>
</title>
<meta http-equiv="Content-Type" content="text/html;charset=utf-8" />
  <meta name='ocr-system' content='tesseract 3.04.00' />
  <meta name='ocr-capabilities' content='ocr_page ocr_carea ocr_par ocr_line ocrx_word'/>
</head>
<body>
  <div class='ocr_page' id='page_1' title='image "./cicerosphilosop00cicegoog_0246.png"; bbox 0 0 2446 3944; ppageno 0'>
   <div class='ocr_carea' id='block_1_1' title="bbox 475 187 767 253">
    <p class='ocr_par' dir='ltr' id='par_1_1' title="bbox 475 187 767 253">
     <span class='ocr_line' id='line_1_1' title="bbox 475 187 767 253; baseline -0.003 0"><span class='ocrx_word' id='word_1_1' title='bbox 475 187 767 253; x_wconf 79' lang='lat'>·-230-</span> 
     </span>
    </p>
   </div>
   <div class='ocr_carea' id='block_1_2' title="bbox 71 357 1162 3719">
    <p class='ocr_par' dir='ltr' id='par_1_2' title="bbox 71 357 1162 3719">
     <span class='ocr_line' id='line_1_2' title="bbox 148 357 1162 444; baseline 0.002 -22"><span class='ocrx_word' id='word_1_2' title='bbox 148 357 327 443; x_wconf 80' lang='lat' dir='ltr'>intellegit3</span> <span class='ocrx_word' id='word_1_3' title='bbox 350 361 508 442; x_wconf 90' lang='lat' dir='ltr'>quatenus</span> <span class='ocrx_word' id='word_1_4' title='bbox 530 362 639 423; x_wconf 90' lang='lat' dir='ltr'>autem</span> <span class='ocrx_word' id='word_1_5' title='bbox 656 358 829 443; x_wconf 70' lang='lat' dir='ltr'>urtellegit,</span> <span class='ocrx_word' id='word_1_6' title='bbox 850 358 935 423; x_wconf 87' lang='lat' dir='ltr'><strong>nihil</strong></span> <span class='ocrx_word' id='word_1_7' title='bbox 952 362 1046 443; x_wconf 87' lang='lat' dir='ltr'>putat</span> <span class='ocrx_word' id='word_1_8' title='bbox 1064 380 1162 444; x_wconf 89' lang='lat' dir='ltr'>prae-</span> 
     </span>
     <span class='ocr_line' id='line_1_3' title="bbox 148 445 1162 531; baseline 0.004 -22"><span class='ocrx_word' id='word_1_9' title='bbox 148 445 349 528; x_wconf 81' lang='lat' dir='ltr'>termissum3</span> <span class='ocrx_word' id='word_1_10' title='bbox 380 446 466 529; x_wconf 90' lang='lat' dir='ltr'>quod</span> <span class='ocrx_word' id='word_1_11' title='bbox 492 446 577 510; x_wconf 88' lang='lat' dir='ltr'>idem</span> <span class='ocrx_word' id='word_1_12' title='bbox 604 446 640 511; x_wconf 91' lang='lat' dir='ltr'>in</span> <span class='ocrx_word' id='word_1_13' title='bbox 666 447 839 531; x_wconf 76' lang='lat' dir='ltr'>poematis,</span> <span class='ocrx_word' id='word_1_14' title='bbox 869 447 905 509; x_wconf 91' lang='lat' dir='ltr'>in</span> <span class='ocrx_word' id='word_1_15' title='bbox 926 446 1061 531; x_wconf 89' lang='lat' dir='ltr'>picturis</span> <span class='ocrx_word' id='word_1_16' title='bbox 1094 469 1162 513; x_wconf 92' lang='lat' dir='ltr'>usu</span> 
     </span>
     <span class='ocr_line' id='line_1_4' title="bbox 147 533 1161 619; baseline 0.002 -21"><span class='ocrx_word' id='word_1_17' title='bbox 147 533 238 598; x_wconf 83' lang='lat' dir='ltr'>venit</span> <span class='ocrx_word' id='word_1_18' title='bbox 260 533 296 597; x_wconf 90' lang='lat' dir='ltr'>in</span> <span class='ocrx_word' id='word_1_19' title='bbox 318 533 454 617; x_wconf 91' lang='lat' dir='ltr'>aliisque</span> <span class='ocrx_word' id='word_1_20' title='bbox 477 534 707 619; x_wconf 68' lang='lat' dir='ltr'>compluribus</span> <span class='ocrx_word' id='word_1_21' title='bbox 729 538 766 598; x_wconf 91' lang='lat' dir='ltr'>ut</span> <span class='ocrx_word' id='word_1_22' title='bbox 789 534 989 599; x_wconf 80' lang='lat' dir='ltr'>delectentur</span> <span class='ocrx_word' id='word_1_23' title='bbox 1010 535 1161 619; x_wconf 87' lang='lat' dir='ltr'>imperiti</span> 
     </span>
     <span class='ocr_line' id='line_1_5' title="bbox 148 621 1161 708; baseline 0.003 -24"><span class='ocrx_word' id='word_1_24' title='bbox 148 621 343 706; x_wconf 72' lang='lat' dir='ltr'>laudentque</span> <span class='ocrx_word' id='word_1_25' title='bbox 361 644 408 704; x_wconf 86' lang='lat' dir='ltr'>ea,</span> <span class='ocrx_word' id='word_1_26' title='bbox 427 644 508 706; x_wconf 91' lang='lat' dir='ltr'>quae</span> <span class='ocrx_word' id='word_1_27' title='bbox 527 622 688 687; x_wconf 91' lang='lat' dir='ltr'>laudanda</span> <span class='ocrx_word' id='word_1_28' title='bbox 705 643 771 686; x_wconf 92' lang='lat' dir='ltr'>non</span> <span class='ocrx_word' id='word_1_29' title='bbox 789 623 864 700; x_wconf 84' lang='lat' dir='ltr'>sint,</span> <span class='ocrx_word' id='word_1_30' title='bbox 887 623 928 686; x_wconf 94' lang='lat' dir='ltr'>ob</span> <span class='ocrx_word' id='word_1_31' title='bbox 947 644 1028 706; x_wconf 87' lang='lat' dir='ltr'>eam,</span> <span class='ocrx_word' id='word_1_32' title='bbox 1051 623 1161 708; x_wconf 91' lang='lat' dir='ltr'>credo,</span> 
     </span>
     <span class='ocr_line' id='line_1_6' title="bbox 148 710 1160 796; baseline 0.002 -23"><span class='ocrx_word' id='word_1_33' title='bbox 148 731 292 794; x_wconf 91' lang='lat' dir='ltr'>causam,</span> <span class='ocrx_word' id='word_1_34' title='bbox 320 710 405 794; x_wconf 89' lang='lat' dir='ltr'>quod</span> <span class='ocrx_word' id='word_1_35' title='bbox 432 711 511 775; x_wconf 93' lang='lat' dir='ltr'>insit</span> <span class='ocrx_word' id='word_1_36' title='bbox 537 711 573 774; x_wconf 90' lang='lat' dir='ltr'>in</span> <span class='ocrx_word' id='word_1_37' title='bbox 594 710 635 774; x_wconf 91' lang='lat' dir='ltr'>iis</span> <span class='ocrx_word' id='word_1_38' title='bbox 658 710 780 794; x_wconf 92' lang='lat' dir='ltr'>aliquid</span> <span class='ocrx_word' id='word_1_39' title='bbox 802 710 910 795; x_wconf 89' lang='lat' dir='ltr'>probi,</span> <span class='ocrx_word' id='word_1_40' title='bbox 938 710 1024 794; x_wconf 92' lang='lat' dir='ltr'>quod</span> <span class='ocrx_word' id='word_1_41' title='bbox 1046 711 1160 796; x_wconf 88' lang='lat' dir='ltr'>capiat</span> 
     </span>
     <span class='ocr_line' id='line_1_7' title="bbox 147 797 1160 883; baseline 0.003 -23"><span class='ocrx_word' id='word_1_42' title='bbox 147 797 290 882; x_wconf 88' lang='lat' dir='ltr'>ignaros,</span> <span class='ocrx_word' id='word_1_43' title='bbox 313 799 368 883; x_wconf 93' lang='lat' dir='ltr'>qui</span> <span class='ocrx_word' id='word_1_44' title='bbox 391 798 534 882; x_wconf 89' lang='lat' dir='ltr'>quidem,</span> <span class='ocrx_word' id='word_1_45' title='bbox 557 798 634 882; x_wconf 93' lang='lat' dir='ltr'>quid</span> <span class='ocrx_word' id='word_1_46' title='bbox 656 798 692 863; x_wconf 91' lang='lat' dir='ltr'>in</span> <span class='ocrx_word' id='word_1_47' title='bbox 713 819 777 862; x_wconf 91' lang='lat' dir='ltr'>una</span> <span class='ocrx_word' id='word_1_48' title='bbox 800 820 926 882; x_wconf 91' lang='lat' dir='ltr'>quaque</span> <span class='ocrx_word' id='word_1_49' title='bbox 948 820 983 862; x_wconf 91' lang='lat' dir='ltr'>re</span> <span class='ocrx_word' id='word_1_50' title='bbox 1005 799 1080 864; x_wconf 83' lang='lat' dir='ltr'>vitii</span> <span class='ocrx_word' id='word_1_51' title='bbox 1103 799 1160 883; x_wconf 88' lang='lat' dir='ltr'>sit,</span> 
     </span>
     <span class='ocr_line' id='line_1_8' title="bbox 147 886 1160 971; baseline 0.004 -23"><span class='ocrx_word' id='word_1_52' title='bbox 147 889 310 968; x_wconf 86' lang='lat' dir='ltr'>nequeant</span> <span class='ocrx_word' id='word_1_53' title='bbox 335 886 490 970; x_wconf 87' lang='lat' dir='ltr'>iudicare;</span> <span class='ocrx_word' id='word_1_54' title='bbox 516 887 640 971; x_wconf 89' lang='lat' dir='ltr'>itaque,</span> <span class='ocrx_word' id='word_1_55' title='bbox 666 909 738 951; x_wconf 91' lang='lat' dir='ltr'>cum</span> <span class='ocrx_word' id='word_1_56' title='bbox 769 889 845 950; x_wconf 92' lang='lat' dir='ltr'>sunt</span> <span class='ocrx_word' id='word_1_57' title='bbox 871 886 961 951; x_wconf 88' lang='lat' dir='ltr'>docti</span> <span class='ocrx_word' id='word_1_58' title='bbox 985 909 1005 950; x_wconf 92' lang='lat' dir='ltr'>a</span> <span class='ocrx_word' id='word_1_59' title='bbox 1031 887 1160 971; x_wconf 87' lang='lat' dir='ltr'>peritis,</span> 
     </span>
     <span class='ocr_line' id='line_1_9' title="bbox 108 973 1160 1059; baseline 0.001 -21"><span class='ocrx_word' id='word_1_60' title='bbox 108 974 131 1038; x_wconf 83' lang='lat'>4</span> <span class='ocrx_word' id='word_1_61' title='bbox 149 973 309 1038; x_wconf 88' lang='lat' dir='ltr'>desistunt</span> <span class='ocrx_word' id='word_1_62' title='bbox 330 974 425 1040; x_wconf 83' lang='lat' dir='ltr'>facile</span> <span class='ocrx_word' id='word_1_63' title='bbox 449 975 618 1039; x_wconf 88' lang='lat' dir='ltr'>sententia.</span> <span class='ocrx_word' id='word_1_64' title='bbox 653 973 743 1038; x_wconf 88' lang='lat' dir='ltr'>Haec</span> <span class='ocrx_word' id='word_1_65' title='bbox 765 975 867 1059; x_wconf 87' lang='lat' dir='ltr'>igitur</span> <span class='ocrx_word' id='word_1_66' title='bbox 890 974 1005 1057; x_wconf 89' lang='lat' dir='ltr'>officia,</span> <span class='ocrx_word' id='word_1_67' title='bbox 1028 975 1067 1038; x_wconf 90' lang='lat' dir='ltr'>de</span> <span class='ocrx_word' id='word_1_68' title='bbox 1088 976 1160 1058; x_wconf 93' lang='lat' dir='ltr'>qui-</span> 
     </span>
     <span class='ocr_line' id='line_1_10' title="bbox 148 1061 1160 1147; baseline 0.002 -22"><span class='ocrx_word' id='word_1_69' title='bbox 148 1062 208 1126; x_wconf 94' lang='lat' dir='ltr'>bus</span> <span class='ocrx_word' id='word_1_70' title='bbox 232 1062 283 1126; x_wconf 90' lang='lat' dir='ltr'>his</span> <span class='ocrx_word' id='word_1_71' title='bbox 307 1063 400 1126; x_wconf 88' lang='lat' dir='ltr'>libris</span> <span class='ocrx_word' id='word_1_72' title='bbox 424 1063 620 1146; x_wconf 89' lang='lat' dir='ltr'>disserimus,</span> <span class='ocrx_word' id='word_1_73' title='bbox 643 1063 736 1146; x_wconf 88' lang='lat' dir='ltr'>quasi</span> <span class='ocrx_word' id='word_1_74' title='bbox 761 1061 900 1127; x_wconf 91' lang='lat' dir='ltr'>secunda</span> <span class='ocrx_word' id='word_1_75' title='bbox 923 1062 1081 1147; x_wconf 84' lang='lat' dir='ltr'>quaedam</span> <span class='ocrx_word' id='word_1_76' title='bbox 1099 1062 1160 1127; x_wconf 93' lang='lat' dir='ltr'>ho·</span> 
     </span>
     <span class='ocr_line' id='line_1_11' title="bbox 243 1150 1160 1235; baseline 0 -20"><span class='ocrx_word' id='word_1_77' title='bbox 243 1172 334 1215; x_wconf 62' lang='lat' dir='ltr'>“esse</span> <span class='ocrx_word' id='word_1_78' title='bbox 357 1151 482 1235; x_wconf 89' lang='lat' dir='ltr'>dicunt,</span> <span class='ocrx_word' id='word_1_79' title='bbox 504 1171 570 1215; x_wconf 90' lang='lat' dir='ltr'>non</span> <span class='ocrx_word' id='word_1_80' title='bbox 593 1150 789 1234; x_wconf 89' lang='lat' dir='ltr'>sapientium</span> <span class='ocrx_word' id='word_1_81' title='bbox 811 1150 906 1214; x_wconf 90' lang='lat' dir='ltr'>modo</span> <span class='ocrx_word' id='word_1_82' title='bbox 929 1151 1075 1235; x_wconf 89' lang='lat' dir='ltr'>propria,</span> <span class='ocrx_word' id='word_1_83' title='bbox 1099 1151 1160 1215; x_wconf 90' lang='lat' dir='ltr'>sed</span> 
     </span>
     <span class='ocr_line' id='line_1_12' title="bbox 97 1237 1158 1323; baseline -0.002 -18"><span class='ocrx_word' id='word_1_84' title='bbox 97 1257 130 1305; x_wconf 81' lang='lat'>16</span> <span class='ocrx_word' id='word_1_85' title='bbox 149 1262 222 1305; x_wconf 91' lang='lat' dir='ltr'>cum</span> <span class='ocrx_word' id='word_1_86' title='bbox 254 1239 342 1303; x_wconf 92' lang='lat' dir='ltr'>omni</span> <span class='ocrx_word' id='word_1_87' title='bbox 373 1238 541 1303; x_wconf 90' lang='lat' dir='ltr'>hominum</span> <span class='ocrx_word' id='word_1_88' title='bbox 573 1260 689 1323; x_wconf 84' lang='lat' dir='ltr'>genere</span> <span class='ocrx_word' id='word_1_89' title='bbox 723 1238 914 1303; x_wconf 86' lang='lat' dir='ltr'>communia.</span> <span class='ocrx_word' id='word_1_90' title='bbox 967 1237 1083 1322; x_wconf 86' lang='lat' dir='ltr'>Itaque</span> <span class='ocrx_word' id='word_1_91' title='bbox 1114 1239 1158 1303; x_wconf 91' lang='lat' dir='ltr'>iis</span> 
     </span>
     <span class='ocr_line' id='line_1_13' title="bbox 149 1325 1158 1410; baseline -0.001 -18"><span class='ocrx_word' id='word_1_92' title='bbox 149 1347 274 1408; x_wconf 90' lang='lat' dir='ltr'>omnes,</span> <span class='ocrx_word' id='word_1_93' title='bbox 301 1326 335 1389; x_wconf 92' lang='lat' dir='ltr'>in</span> <span class='ocrx_word' id='word_1_94' title='bbox 362 1327 479 1410; x_wconf 91' lang='lat' dir='ltr'>quibus</span> <span class='ocrx_word' id='word_1_95' title='bbox 502 1330 553 1391; x_wconf 89' lang='lat' dir='ltr'>est</span> <span class='ocrx_word' id='word_1_96' title='bbox 580 1325 711 1391; x_wconf 89' lang='lat' dir='ltr'>virtutis</span> <span class='ocrx_word' id='word_1_97' title='bbox 734 1326 872 1409; x_wconf 88' lang='lat' dir='ltr'>indoles,</span> <span class='ocrx_word' id='word_1_98' title='bbox 901 1329 1158 1392; x_wconf 81' lang='lat' dir='ltr'>commoventur.</span> 
     </span>
     <span class='ocr_line' id='line_1_14' title="bbox 147 1411 1159 1498; baseline 0.001 -20"><span class='ocrx_word' id='word_1_99' title='bbox 147 1414 216 1478; x_wconf 87' lang='lat' dir='ltr'>Nee</span> <span class='ocrx_word' id='word_1_100' title='bbox 238 1435 324 1497; x_wconf 82' lang='lat' dir='ltr'>vero,</span> <span class='ocrx_word' id='word_1_101' title='bbox 347 1436 420 1479; x_wconf 86' lang='lat' dir='ltr'>eum</span> <span class='ocrx_word' id='word_1_102' title='bbox 443 1414 506 1480; x_wconf 94' lang='lat' dir='ltr'>duo</span> <span class='ocrx_word' id='word_1_103' title='bbox 519 1413 611 1479; x_wconf 83' lang='lat' dir='ltr'>Decii</span> <span class='ocrx_word' id='word_1_104' title='bbox 633 1417 690 1478; x_wconf 89' lang='lat' dir='ltr'>aut</span> <span class='ocrx_word' id='word_1_105' title='bbox 708 1413 771 1478; x_wconf 94' lang='lat' dir='ltr'>duo</span> <span class='ocrx_word' id='word_1_106' title='bbox 789 1411 953 1498; x_wconf 80' lang='lat' dir='ltr'>Scipiones</span> <span class='ocrx_word' id='word_1_107' title='bbox 971 1413 1073 1478; x_wconf 86' lang='lat' dir='ltr'>fortes</span> <span class='ocrx_word' id='word_1_108' title='bbox 1092 1414 1159 1479; x_wconf 89' lang='lat' dir='ltr'>viri</span> 
     </span>
     <span class='ocr_line' id='line_1_15' title="bbox 148 1501 1156 1585; baseline 0 -19"><span class='ocrx_word' id='word_1_109' title='bbox 148 1505 453 1585; x_wconf 84' lang='lat' dir='ltr'>commemorantur,</span> <span class='ocrx_word' id='word_1_110' title='bbox 485 1506 542 1567; x_wconf 89' lang='lat' dir='ltr'>aut</span> <span class='ocrx_word' id='word_1_111' title='bbox 571 1524 643 1567; x_wconf 89' lang='lat' dir='ltr'>cum</span> <span class='ocrx_word' id='word_1_112' title='bbox 674 1501 841 1567; x_wconf 85' lang='lat' dir='ltr'>Fabricius</span> <span class='ocrx_word' id='word_1_113' title='bbox 877 1504 947 1582; x_wconf 90' lang='lat' dir='ltr'>[aut</span> <span class='ocrx_word' id='word_1_114' title='bbox 978 1501 1156 1583; x_wconf 86' lang='lat' dir='ltr'>Aristides]</span> 
     </span>
     <span class='ocr_line' id='line_1_16' title="bbox 147 1589 1157 1673; baseline 0.003 -20"><span class='ocrx_word' id='word_1_115' title='bbox 147 1589 252 1654; x_wconf 92' lang='lat' dir='ltr'>iustus</span> <span class='ocrx_word' id='word_1_116' title='bbox 270 1590 466 1673; x_wconf 89' lang='lat' dir='ltr'>nominatur,</span> <span class='ocrx_word' id='word_1_117' title='bbox 489 1594 546 1654; x_wconf 91' lang='lat' dir='ltr'>aut</span> <span class='ocrx_word' id='word_1_118' title='bbox 568 1591 609 1655; x_wconf 91' lang='lat' dir='ltr'>ab</span> <span class='ocrx_word' id='word_1_119' title='bbox 633 1590 699 1654; x_wconf 89' lang='lat' dir='ltr'>illis</span> <span class='ocrx_word' id='word_1_120' title='bbox 722 1589 924 1655; x_wconf 83' lang='lat' dir='ltr'>fortitudinis</span> <span class='ocrx_word' id='word_1_121' title='bbox 947 1594 1004 1654; x_wconf 91' lang='lat' dir='ltr'>aut</span> <span class='ocrx_word' id='word_1_122' title='bbox 1027 1591 1068 1655; x_wconf 91' lang='lat' dir='ltr'>ab</span> <span class='ocrx_word' id='word_1_123' title='bbox 1092 1590 1157 1656; x_wconf 86' lang='lat' dir='ltr'>hoc</span> 
     </span>
     <span class='ocr_line' id='line_1_17' title="bbox 147 1677 1156 1763; baseline 0.001 -22"><span class='ocrx_word' id='word_1_124' title='bbox 147 1677 292 1742; x_wconf 86' lang='lat' dir='ltr'>iustitiae</span> <span class='ocrx_word' id='word_1_125' title='bbox 310 1682 479 1761; x_wconf 89' lang='lat' dir='ltr'>tamquam</span> <span class='ocrx_word' id='word_1_126' title='bbox 497 1701 517 1741; x_wconf 88' lang='lat' dir='ltr'>a</span> <span class='ocrx_word' id='word_1_127' title='bbox 535 1678 680 1761; x_wconf 85' lang='lat' dir='ltr'>sapiente</span> <span class='ocrx_word' id='word_1_128' title='bbox 698 1678 822 1763; x_wconf 91' lang='lat' dir='ltr'>petitur</span> <span class='ocrx_word' id='word_1_129' title='bbox 839 1679 1036 1762; x_wconf 73' lang='lat' dir='ltr'>exemplum,</span> <span class='ocrx_word' id='word_1_130' title='bbox 1057 1699 1156 1742; x_wconf 90' lang='lat' dir='ltr'>nemo</span> 
     </span>
     <span class='ocr_line' id='line_1_18' title="bbox 147 1765 1156 1849; baseline 0 -20"><span class='ocrx_word' id='word_1_131' title='bbox 147 1765 234 1829; x_wconf 88' lang='lat' dir='ltr'>enirn</span> <span class='ocrx_word' id='word_1_132' title='bbox 256 1765 373 1829; x_wconf 91' lang='lat' dir='ltr'>horum</span> <span class='ocrx_word' id='word_1_133' title='bbox 396 1766 442 1830; x_wconf 86' lang='lat' dir='ltr'>sic</span> <span class='ocrx_word' id='word_1_134' title='bbox 465 1766 603 1849; x_wconf 87' lang='lat' dir='ltr'>sapiens,</span> <span class='ocrx_word' id='word_1_135' title='bbox 625 1769 663 1829; x_wconf 94' lang='lat' dir='ltr'>ut</span> <span class='ocrx_word' id='word_1_136' title='bbox 686 1766 866 1849; x_wconf 89' lang='lat' dir='ltr'>sapientem</span> <span class='ocrx_word' id='word_1_137' title='bbox 887 1767 1037 1831; x_wconf 84' lang='lat' dir='ltr'>volumus</span> <span class='ocrx_word' id='word_1_138' title='bbox 1060 1766 1156 1830; x_wconf 90' lang='lat' dir='ltr'>intel-</span> 
     </span>
     <span class='ocr_line' id='line_1_19' title="bbox 147 1851 1155 1938; baseline 0.002 -21"><span class='ocrx_word' id='word_1_139' title='bbox 147 1852 223 1938; x_wconf 85' lang='lat' dir='ltr'>legi,</span> <span class='ocrx_word' id='word_1_140' title='bbox 246 1874 304 1918; x_wconf 89' lang='lat' dir='ltr'>nec</span> <span class='ocrx_word' id='word_1_141' title='bbox 326 1853 359 1938; x_wconf 91' lang='lat' dir='ltr'>ii,</span> <span class='ocrx_word' id='word_1_142' title='bbox 383 1854 438 1937; x_wconf 94' lang='lat' dir='ltr'>qui</span> <span class='ocrx_word' id='word_1_143' title='bbox 456 1853 619 1937; x_wconf 89' lang='lat' dir='ltr'>sapientes</span> <span class='ocrx_word' id='word_1_144' title='bbox 637 1852 744 1918; x_wconf 89' lang='lat' dir='ltr'>habiti</span> <span class='ocrx_word' id='word_1_145' title='bbox 766 1857 800 1918; x_wconf 91' lang='lat' dir='ltr'>et</span> <span class='ocrx_word' id='word_1_146' title='bbox 820 1854 989 1938; x_wconf 89' lang='lat' dir='ltr'>nominati,</span> <span class='ocrx_word' id='word_1_147' title='bbox 1011 1853 1054 1918; x_wconf 91' lang='lat' dir='ltr'>M.</span> <span class='ocrx_word' id='word_1_148' title='bbox 1071 1851 1155 1919; x_wconf 78' lang='lat' dir='ltr'>(lato</span> 
     </span>
     <span class='ocr_line' id='line_1_20' title="bbox 148 1939 1155 2027; baseline 0.001 -22"><span class='ocrx_word' id='word_1_149' title='bbox 148 1945 181 2005; x_wconf 92' lang='lat' dir='ltr'>et</span> <span class='ocrx_word' id='word_1_150' title='bbox 195 1939 230 2007; x_wconf 81' lang='lat' dir='ltr'>G.</span> <span class='ocrx_word' id='word_1_151' title='bbox 243 1940 382 2022; x_wconf 89' lang='lat' dir='ltr'>Laelius,</span> <span class='ocrx_word' id='word_1_152' title='bbox 401 1941 563 2025; x_wconf 84' lang='lat' dir='ltr'>sapientes</span> <span class='ocrx_word' id='word_1_153' title='bbox 581 1940 721 2025; x_wconf 75' lang='lat' dir='ltr'>fuerimt,</span> <span class='ocrx_word' id='word_1_154' title='bbox 743 1963 784 2006; x_wconf 91' lang='lat' dir='ltr'>ne</span> <span class='ocrx_word' id='word_1_155' title='bbox 802 1941 852 2005; x_wconf 90' lang='lat' dir='ltr'>illi</span> <span class='ocrx_word' id='word_1_156' title='bbox 872 1941 1000 2025; x_wconf 92' lang='lat' dir='ltr'>quidem</span> <span class='ocrx_word' id='word_1_157' title='bbox 1020 1945 1155 2027; x_wconf 84' lang='lat' dir='ltr'>septem,</span> 
     </span>
     <span class='ocr_line' id='line_1_21' title="bbox 148 2028 1155 2112; baseline 0.002 -20"><span class='ocrx_word' id='word_1_158' title='bbox 148 2029 205 2093; x_wconf 89' lang='lat' dir='ltr'>sed</span> <span class='ocrx_word' id='word_1_159' title='bbox 232 2050 270 2092; x_wconf 86' lang='lat' dir='ltr'>ex</span> <span class='ocrx_word' id='word_1_160' title='bbox 297 2029 476 2093; x_wconf 89' lang='lat' dir='ltr'>mediorum</span> <span class='ocrx_word' id='word_1_161' title='bbox 498 2028 679 2093; x_wconf 90' lang='lat' dir='ltr'>officiorum</span> <span class='ocrx_word' id='word_1_162' title='bbox 700 2029 884 2112; x_wconf 87' lang='lat' dir='ltr'>frequentia</span> <span class='ocrx_word' id='word_1_163' title='bbox 907 2029 1155 2094; x_wconf 90' lang='lat' dir='ltr'>similitudinem</span> 
     </span>
     <span class='ocr_line' id='line_1_22' title="bbox 96 2111 1156 2202; baseline 0 -21"><span class='ocrx_word' id='word_1_164' title='bbox 96 2132 129 2181; x_wconf 74' lang='lat'>1⁷</span> <span class='ocrx_word' id='word_1_165' title='bbox 149 2111 310 2200; x_wconf 89' lang='lat' dir='ltr'>quandam</span> <span class='ocrx_word' id='word_1_166' title='bbox 338 2117 494 2202; x_wconf 83' lang='lat' dir='ltr'>gerebant</span> <span class='ocrx_word' id='word_1_167' title='bbox 521 2117 723 2200; x_wconf 85' lang='lat' dir='ltr'>speciemque</span> <span class='ocrx_word' id='word_1_168' title='bbox 748 2117 952 2201; x_wconf 87' lang='lat' dir='ltr'>sapientium.</span> <span class='ocrx_word' id='word_1_169' title='bbox 997 2115 1156 2191; x_wconf 82' lang='lat' dir='ltr'>Quocirca</span> 
     </span>
     <span class='ocr_line' id='line_1_23' title="bbox 146 2204 1156 2288; baseline -0.001 -18"><span class='ocrx_word' id='word_1_170' title='bbox 146 2225 206 2270; x_wconf 89' lang='lat' dir='ltr'>nec</span> <span class='ocrx_word' id='word_1_171' title='bbox 227 2204 269 2286; x_wconf 91' lang='lat' dir='ltr'>id,</span> <span class='ocrx_word' id='word_1_172' title='bbox 293 2204 379 2288; x_wconf 92' lang='lat' dir='ltr'>quod</span> <span class='ocrx_word' id='word_1_173' title='bbox 401 2226 475 2268; x_wconf 89' lang='lat' dir='ltr'>vere</span> <span class='ocrx_word' id='word_1_174' title='bbox 497 2204 670 2269; x_wconf 89' lang='lat' dir='ltr'>honestum</span> <span class='ocrx_word' id='word_1_175' title='bbox 689 2208 748 2288; x_wconf 89' lang='lat' dir='ltr'>est,</span> <span class='ocrx_word' id='word_1_176' title='bbox 769 2205 820 2270; x_wconf 85' lang='lat' dir='ltr'>fas</span> <span class='ocrx_word' id='word_1_177' title='bbox 839 2210 890 2270; x_wconf 90' lang='lat' dir='ltr'>est</span> <span class='ocrx_word' id='word_1_178' title='bbox 907 2227 980 2269; x_wconf 94' lang='lat' dir='ltr'>cum</span> <span class='ocrx_word' id='word_1_179' title='bbox 997 2205 1156 2269; x_wconf 87' lang='lat' dir='ltr'>utilitatis</span> 
     </span>
     <span class='ocr_line' id='line_1_24' title="bbox 146 2292 1157 2465; baseline 0.001 -21"><span class='ocrx_word' id='word_1_180' title='bbox 146 2293 802 2463; x_wconf 55' lang='lat' dir='ltr'>illudfllllllslllllillinsslilltlll</span> <span class='ocrx_word' id='word_1_181' title='bbox 816 2292 1157 2465; x_wconf 53' lang='lat' dir='ltr'>lllllllllnllptl</span> 
     </span>
     <span class='ocr_line' id='line_1_25' title="bbox 367 2431 876 2464; baseline -0.008 -1"><span class='ocrx_word' id='word_1_182' title='bbox 367 2455 370 2464; x_wconf 94' lang='lat'><em>.</em></span> <span class='ocrx_word' id='word_1_183' title='bbox 457 2431 466 2462; x_wconf 74' lang='lat' dir='ltr'>l</span> <span class='ocrx_word' id='word_1_184' title='bbox 868 2432 876 2459; x_wconf 75' lang='lat'><em>7</em></span> 
     </span>
     <span class='ocr_line' id='line_1_26' title="bbox 146 2467 1156 2553; baseline 0.001 -21"><span class='ocrx_word' id='word_1_185' title='bbox 146 2467 234 2532; x_wconf 84' lang='lat' dir='ltr'>viros</span> <span class='ocrx_word' id='word_1_186' title='bbox 262 2467 376 2532; x_wconf 90' lang='lat' dir='ltr'>haberi</span> <span class='ocrx_word' id='word_1_187' title='bbox 402 2468 530 2552; x_wconf 84' lang='lat' dir='ltr'>volunt,</span> <span class='ocrx_word' id='word_1_188' title='bbox 562 2490 634 2533; x_wconf 93' lang='lat' dir='ltr'>cum</span> <span class='ocrx_word' id='word_1_189' title='bbox 666 2468 892 2533; x_wconf 89' lang='lat' dir='ltr'>emolumentis</span> <span class='ocrx_word' id='word_1_190' title='bbox 919 2491 1074 2553; x_wconf 90' lang='lat' dir='ltr'>umquam</span> <span class='ocrx_word' id='word_1_191' title='bbox 1104 2472 1156 2533; x_wconf 88' lang='lat' dir='ltr'>est</span> 
     </span>
     <span class='ocr_line' id='line_1_27' title="bbox 147 2555 1157 2640; baseline 0 -19"><span class='ocrx_word' id='word_1_192' title='bbox 147 2555 408 2640; x_wconf 89' lang='lat' dir='ltr'>comparandum,</span> <span class='ocrx_word' id='word_1_193' title='bbox 430 2561 563 2639; x_wconf 90' lang='lat' dir='ltr'>tamque</span> <span class='ocrx_word' id='word_1_194' title='bbox 585 2556 619 2620; x_wconf 96' lang='lat' dir='ltr'>id</span> <span class='ocrx_word' id='word_1_195' title='bbox 641 2556 822 2640; x_wconf 88' lang='lat' dir='ltr'>honestum,</span> <span class='ocrx_word' id='word_1_196' title='bbox 846 2556 931 2639; x_wconf 94' lang='lat' dir='ltr'>quod</span> <span class='ocrx_word' id='word_1_197' title='bbox 953 2557 987 2619; x_wconf 94' lang='lat' dir='ltr'>in</span> <span class='ocrx_word' id='word_1_198' title='bbox 1003 2559 1157 2621; x_wconf 89' lang='lat' dir='ltr'>nostram</span> 
     </span>
     <span class='ocr_line' id='line_1_28' title="bbox 146 2643 1155 2729; baseline 0.001 -21"><span class='ocrx_word' id='word_1_199' title='bbox 146 2643 406 2729; x_wconf 89' lang='lat' dir='ltr'>intellegentiam</span> <span class='ocrx_word' id='word_1_200' title='bbox 430 2644 524 2727; x_wconf 86' lang='lat' dir='ltr'>cadit,</span> <span class='ocrx_word' id='word_1_201' title='bbox 546 2644 701 2708; x_wconf 89' lang='lat' dir='ltr'>tuendum</span> <span class='ocrx_word' id='word_1_202' title='bbox 720 2644 1036 2727; x_wconf 84' lang='lat' dir='ltr'>conservandumque</span> <span class='ocrx_word' id='word_1_203' title='bbox 1056 2644 1155 2709; x_wconf 87' lang='lat' dir='ltr'>nobis</span> 
     </span>
     <span class='ocr_line' id='line_1_29' title="bbox 147 2731 1156 2816; baseline 0.001 -20"><span class='ocrx_word' id='word_1_204' title='bbox 147 2735 198 2796; x_wconf 88' lang='lat' dir='ltr'>est</span> <span class='ocrx_word' id='word_1_205' title='bbox 221 2753 319 2816; x_wconf 87' lang='lat' dir='ltr'>quam</span> <span class='ocrx_word' id='word_1_206' title='bbox 340 2731 436 2815; x_wconf 90' lang='lat' dir='ltr'>illud,</span> <span class='ocrx_word' id='word_1_207' title='bbox 464 2731 549 2815; x_wconf 94' lang='lat' dir='ltr'>quod</span> <span class='ocrx_word' id='word_1_208' title='bbox 571 2732 702 2816; x_wconf 89' lang='lat' dir='ltr'>proprie</span> <span class='ocrx_word' id='word_1_209' title='bbox 725 2733 841 2797; x_wconf 90' lang='lat' dir='ltr'>dicitur</span> <span class='ocrx_word' id='word_1_210' title='bbox 863 2753 1001 2816; x_wconf 84' lang='lat' dir='ltr'>vereque</span> <span class='ocrx_word' id='word_1_211' title='bbox 1024 2735 1074 2795; x_wconf 89' lang='lat' dir='ltr'>est</span> <span class='ocrx_word' id='word_1_212' title='bbox 1097 2731 1156 2797; x_wconf 84' lang='lat' dir='ltr'>ho</span> 
     </span>
     <span class='ocr_line' id='line_1_30' title="bbox 145 2820 1156 2904; baseline 0.001 -19"><span class='ocrx_word' id='word_1_213' title='bbox 145 2823 284 2904; x_wconf 89' lang='lat' dir='ltr'>nestum,</span> <span class='ocrx_word' id='word_1_214' title='bbox 306 2820 520 2903; x_wconf 81' lang='lat' dir='ltr'>sapientibus3</span> <span class='ocrx_word' id='word_1_215' title='bbox 543 2821 637 2884; x_wconf 89' lang='lat' dir='ltr'>aliter</span> <span class='ocrx_word' id='word_1_216' title='bbox 660 2820 746 2884; x_wconf 92' lang='lat' dir='ltr'>enim</span> <span class='ocrx_word' id='word_1_217' title='bbox 768 2820 873 2885; x_wconf 89' lang='lat' dir='ltr'>teneri</span> <span class='ocrx_word' id='word_1_218' title='bbox 894 2842 960 2885; x_wconf 92' lang='lat' dir='ltr'>non</span> <span class='ocrx_word' id='word_1_219' title='bbox 981 2823 1101 2904; x_wconf 88' lang='lat' dir='ltr'>potest,</span> <span class='ocrx_word' id='word_1_220' title='bbox 1126 2821 1156 2886; x_wconf 91' lang='lat' dir='ltr'>si</span> 
     </span>
     <span class='ocr_line' id='line_1_31' title="bbox 146 2906 1156 2994; baseline -0.001 -21"><span class='ocrx_word' id='word_1_221' title='bbox 146 2930 211 2992; x_wconf 89' lang='lat' dir='ltr'>qua</span> <span class='ocrx_word' id='word_1_222' title='bbox 234 2908 275 2973; x_wconf 90' lang='lat' dir='ltr'>ad</span> <span class='ocrx_word' id='word_1_223' title='bbox 297 2908 452 2972; x_wconf 84' lang='lat' dir='ltr'>virtutem</span> <span class='ocrx_word' id='word_1_224' title='bbox 475 2911 526 2971; x_wconf 90' lang='lat' dir='ltr'>est</span> <span class='ocrx_word' id='word_1_225' title='bbox 548 2907 634 2972; x_wconf 90' lang='lat' dir='ltr'>facta</span> <span class='ocrx_word' id='word_1_226' title='bbox 656 2908 851 2994; x_wconf 87' lang='lat' dir='ltr'>progressio.</span> <span class='ocrx_word' id='word_1_227' title='bbox 897 2906 959 2972; x_wconf 80' lang='lat' dir='ltr'>Sed</span> <span class='ocrx_word' id='word_1_228' title='bbox 982 2907 1062 2972; x_wconf 89' lang='lat' dir='ltr'>haec</span> <span class='ocrx_word' id='word_1_229' title='bbox 1084 2908 1156 2991; x_wconf 93' lang='lat' dir='ltr'>qui-</span> 
     </span>
     <span class='ocr_line' id='line_1_32' title="bbox 146 2995 1156 3079; baseline 0 -20"><span class='ocrx_word' id='word_1_230' title='bbox 146 2996 219 3060; x_wconf 90' lang='lat' dir='ltr'>dem</span> <span class='ocrx_word' id='word_1_231' title='bbox 242 2996 280 3061; x_wconf 90' lang='lat' dir='ltr'>de</span> <span class='ocrx_word' id='word_1_232' title='bbox 303 2995 354 3079; x_wconf 89' lang='lat' dir='ltr'>iis,</span> <span class='ocrx_word' id='word_1_233' title='bbox 377 2996 432 3079; x_wconf 91' lang='lat' dir='ltr'>qui</span> <span class='ocrx_word' id='word_1_234' title='bbox 454 2996 697 3060; x_wconf 84' lang='lat' dir='ltr'>conservatione</span> <span class='ocrx_word' id='word_1_235' title='bbox 721 2997 911 3062; x_wconf 85' lang='lat' dir='ltr'>officiorum·</span> <span class='ocrx_word' id='word_1_236' title='bbox 925 2996 1156 3060; x_wconf 84' lang='lat' dir='ltr'>existimantur</span> 
     </span>
     <span class='ocr_line' id='line_1_33' title="bbox 95 3083 1157 3160; baseline 0.002 -13"><span class='ocrx_word' id='word_1_237' title='bbox 95 3096 127 3147; x_wconf 82' lang='lat'>18</span> <span class='ocrx_word' id='word_1_238' title='bbox 145 3084 232 3148; x_wconf 90' lang='lat' dir='ltr'>boni.</span> <span class='ocrx_word' id='word_1_239' title='bbox 278 3083 342 3160; x_wconf 85' lang='lat' dir='ltr'>Qui</span> <span class='ocrx_word' id='word_1_240' title='bbox 371 3087 480 3147; x_wconf 91' lang='lat' dir='ltr'>autem</span> <span class='ocrx_word' id='word_1_241' title='bbox 512 3083 620 3148; x_wconf 90' lang='lat' dir='ltr'>omnia</span> <span class='ocrx_word' id='word_1_242' title='bbox 651 3084 829 3148; x_wconf 91' lang='lat' dir='ltr'>metiuntur</span> <span class='ocrx_word' id='word_1_243' title='bbox 860 3083 1087 3148; x_wconf 89' lang='lat' dir='ltr'>emolumentis</span> <span class='ocrx_word' id='word_1_244' title='bbox 1120 3087 1157 3149; x_wconf 91' lang='lat' dir='ltr'>et</span> 
     </span>
     <span class='ocr_line' id='line_1_34' title="bbox 146 3171 1156 3256; baseline 0 -20"><span class='ocrx_word' id='word_1_245' title='bbox 146 3171 323 3236; x_wconf 91' lang='lat' dir='ltr'>commodis</span> <span class='ocrx_word' id='word_1_246' title='bbox 354 3193 458 3255; x_wconf 91' lang='lat' dir='ltr'>neque</span> <span class='ocrx_word' id='word_1_247' title='bbox 486 3192 524 3236; x_wconf 90' lang='lat' dir='ltr'>ea</span> <span class='ocrx_word' id='word_1_248' title='bbox 550 3171 666 3236; x_wconf 87' lang='lat' dir='ltr'>volunt</span> <span class='ocrx_word' id='word_1_249' title='bbox 694 3171 944 3256; x_wconf 89' lang='lat' dir='ltr'>praeponderari</span> <span class='ocrx_word' id='word_1_250' title='bbox 971 3171 1156 3256; x_wconf 87' lang='lat' dir='ltr'>honestate,</span> 
     </span>
     <span class='ocr_line' id='line_1_35' title="bbox 144 3258 1156 3344; baseline 0.004 -22"><span class='ocrx_word' id='word_1_251' title='bbox 144 3258 169 3322; x_wconf 94' lang='lat' dir='ltr'>ii</span> <span class='ocrx_word' id='word_1_252' title='bbox 193 3260 298 3323; x_wconf 90' lang='lat' dir='ltr'>solent</span> <span class='ocrx_word' id='word_1_253' title='bbox 320 3259 355 3322; x_wconf 93' lang='lat' dir='ltr'>in</span> <span class='ocrx_word' id='word_1_254' title='bbox 378 3258 585 3325; x_wconf 89' lang='lat' dir='ltr'>deliberando</span> <span class='ocrx_word' id='word_1_255' title='bbox 607 3259 780 3325; x_wconf 89' lang='lat' dir='ltr'>honestum</span> <span class='ocrx_word' id='word_1_256' title='bbox 803 3281 876 3325; x_wconf 90' lang='lat' dir='ltr'>cum</span> <span class='ocrx_word' id='word_1_257' title='bbox 895 3281 942 3344; x_wconf 91' lang='lat' dir='ltr'>eo,</span> <span class='ocrx_word' id='word_1_258' title='bbox 965 3258 1051 3343; x_wconf 92' lang='lat' dir='ltr'>quod</span> <span class='ocrx_word' id='word_1_259' title='bbox 1070 3259 1156 3326; x_wconf 91' lang='lat' dir='ltr'>utile</span> 
     </span>
     <span class='ocr_line' id='line_1_36' title="bbox 144 3346 1155 3431; baseline 0.005 -21"><span class='ocrx_word' id='word_1_260' title='bbox 144 3350 271 3429; x_wconf 89' lang='lat' dir='ltr'>putant,</span> <span class='ocrx_word' id='word_1_261' title='bbox 286 3367 487 3431; x_wconf 89' lang='lat' dir='ltr'>comparare,</span> <span class='ocrx_word' id='word_1_262' title='bbox 501 3347 579 3412; x_wconf 93' lang='lat' dir='ltr'>boni</span> <span class='ocrx_word' id='word_1_263' title='bbox 588 3346 650 3412; x_wconf 84' lang='lat' dir='ltr'>viri</span> <span class='ocrx_word' id='word_1_264' title='bbox 662 3368 729 3411; x_wconf 91' lang='lat' dir='ltr'>non</span> <span class='ocrx_word' id='word_1_265' title='bbox 739 3349 854 3412; x_wconf 92' lang='lat' dir='ltr'>solent.</span> <span class='ocrx_word' id='word_1_266' title='bbox 875 3346 991 3431; x_wconf 90' lang='lat' dir='ltr'>Itaque</span> <span class='ocrx_word' id='word_1_267' title='bbox 1001 3347 1155 3415; x_wconf 88' lang='lat' dir='ltr'>existimo</span> 
     </span>
     <span class='ocr_line' id='line_1_37' title="bbox 143 3430 1156 3519; baseline 0.005 -23"><span class='ocrx_word' id='word_1_268' title='bbox 143 3430 345 3519; x_wconf 86' lang='lat' dir='ltr'>Panaetium,</span> <span class='ocrx_word' id='word_1_269' title='bbox 373 3457 445 3500; x_wconf 90' lang='lat' dir='ltr'>cum</span> <span class='ocrx_word' id='word_1_270' title='bbox 473 3434 590 3499; x_wconf 83' lang='lat' dir='ltr'>dixerit</span> <span class='ocrx_word' id='word_1_271' title='bbox 616 3435 764 3500; x_wconf 89' lang='lat' dir='ltr'>homines</span> <span class='ocrx_word' id='word_1_272' title='bbox 792 3436 896 3502; x_wconf 90' lang='lat' dir='ltr'>solere</span> <span class='ocrx_word' id='word_1_273' title='bbox 922 3435 957 3498; x_wconf 91' lang='lat' dir='ltr'>in</span> <span class='ocrx_word' id='word_1_274' title='bbox 984 3434 1046 3499; x_wconf 89' lang='lat' dir='ltr'>hac</span> <span class='ocrx_word' id='word_1_275' title='bbox 1069 3458 1156 3501; x_wconf 87' lang='lat' dir='ltr'>oom-</span> 
     </span>
     <span class='ocr_line' id='line_1_38' title="bbox 71 3518 1157 3719; baseline 0.005 -135"><span class='ocrx_word' id='word_1_276' title='bbox 71 3521 313 3719; x_wconf 40' lang='lat' dir='ltr'>xparatione</span> <span class='ocrx_word' id='word_1_277' title='bbox 337 3521 499 3608; x_wconf 88' lang='lat' dir='ltr'>dubitare,</span> <span class='ocrx_word' id='word_1_278' title='bbox 527 3518 589 3588; x_wconf 88' lang='lat' dir='ltr'>hoc</span> <span class='ocrx_word' id='word_1_279' title='bbox 611 3523 718 3608; x_wconf 90' lang='lat' dir='ltr'>ipsum</span> <span class='ocrx_word' id='word_1_280' title='bbox 742 3522 894 3606; x_wconf 89' lang='lat' dir='ltr'>sensisse,</span> <span class='ocrx_word' id='word_1_281' title='bbox 917 3522 1003 3606; x_wconf 94' lang='lat' dir='ltr'>quod</span> <span class='ocrx_word' id='word_1_282' title='bbox 1026 3523 1157 3610; x_wconf 88' lang='lat' dir='ltr'>dixerit,</span> 
     </span>
     <span class='ocr_line' id='line_1_39' title="bbox 75 3667 87 3696; baseline 0 -8"><span class='ocrx_word' id='word_1_283' title='bbox 75 3667 87 3696; x_wconf 58' lang='lat' dir='ltr'>u</span> 
     </span>
    </p>
   </div>
   <div class='ocr_carea' id='block_1_3' title="bbox 0 0 1228 3944">
    <p class='ocr_par' dir='ltr' id='par_1_3' title="bbox 0 0 1228 3944">
     <span class='ocr_line' id='line_1_40' title="bbox 0 0 1228 3944; baseline 0 0"><span class='ocrx_word' id='word_1_284' title='bbox 0 0 1228 3944; x_wconf 95' lang='lat' dir='ltr'> </span> 
     </span>
    </p>
   </div>
  </div>
 </body>
</html>
