2446 3944
438 183 679 246 -277-

54 346 132 430 quia
155 345 356 410 conscientia
377 345 459 411 bene
484 348 574 410 actae
602 345 690 410 vitae
716 346 955 429 multorumque
981 345 1063 409 bene
1180 378 1181 381 ¹

53 435 218 498 factorum
242 432 425 498 recordatio
448 431 679 498 iucundissima
707 436 765 497 est.
808 432 881 518 Ego
905 430 941 508 Q.
962 431 1115 531 Mari-10

53 544 153 605 mum,
179 543 252 585 eum
273 521 329 605 qui
342 520 518 585 Tarentum
540 519 671 604 recepit,
689 541 796 584 senem
811 521 997 585 adulescens
1015 519 1064 584 ita

57 609 164 692 dilexi,
191 613 229 672 ut
257 609 439 691 aequalem3
467 608 646 671 eratenim
674 608 710 672 in
731 609 789 672 illo
805 609 891 684 ‚viro
910 608 1064 673 comitate

57 696 187 762 condita
202 696 357 780 gravitas,
375 717 434 760 ncc
452 698 599 760 senectus
618 717 724 760 mores
738 699 934 779 mutaverat3
954 718 1063 779 quam-

55 807 153 869 quam
179 806 252 848 eum
278 785 381 848 colere
405 783 496 866 coepi
517 804 584 846 non
607 783 778 848 admodum
802 784 956 868 grandem
974 786 1063 866 natu,

56 873 112 936 sed
138 876 254 936 tamen
281 871 346 934 iam
376 873 483 934 aetate
510 875 708 954 prouectum.
752 870 847 936 Anno
875 871 960 935 enim
987 874 1063 956 post

56 959 173 1024 consul
196 960 335 1043 primum
357 957 474 1041 fuerat,
497 979 594 1040 quam
618 979 678 1044 ego
700 961 797 1022 natus
820 981 906 1043 sum,
929 980 1063 1042 cumque

57 1070 94 1111 eo
120 1052 274 1130 quartum
297 1045 428 1111 consule
451 1045 711 1110 adulescentulus
734 1046 828 1111 miles
855 1046 896 1110 ad
918 1045 1062 1130 Capuam
1161 1049 1164 1053 ’

55 1134 223 1219 profectus
260 1156 331 1197 sum
365 1132 542 1216 quintoque
574 1156 658 1198 anno
689 1139 766 1219 post
800 1135 840 1199 ad
876 1131 1062 1197 Tarentum.

56 1222 218 1297 Quaestor
241 1221 353 1285 deinde
382 1220 592 1305 quadriennio
620 1226 695 1306 post
715 1221 822 1287 factus
849 1230 935 1303 sum,
967 1243 1061 1305 quem

56 1309 289 1395 magistratum
322 1309 408 1394 gessi
440 1309 625 1373 consulibus
658 1309 819 1376 Tuditano
849 1313 881 1374 ct
909 1307 1062 1394 Cethego,

56 1420 128 1462 cum
148 1397 277 1481 quidem
295 1396 352 1461 ille
376 1396 548 1461 admodum
571 1418 667 1460 senex
690 1400 804 1462 suasor
826 1396 909 1483 legis
930 1395 1062 1483 Cinciae

57 1487 95 1550 de
119 1485 212 1549 donis
236 1489 269 1549 et
293 1484 478 1549 muneribus
500 1484 572 1547 fuit.
617 1483 680 1549 Hic
703 1489 736 1548 et
758 1486 845 1549 bella
868 1485 1003 1570 gerebat
1024 1488 1062 1548 ut

57 1574 260 1658 adulescens,
288 1595 362 1637 cum
383 1573 480 1655 plane
504 1571 635 1656 grandis
659 1576 756 1655 esset,
784 1577 817 1637 ct
843 1572 1061 1637 Hannibalem

55 1660 242 1727 iuveniliter
263 1661 462 1725 exultantem
479 1659 639 1743 patientia
658 1682 716 1724 sua
735 1660 916 1743 molliebat3
939 1661 978 1725 de
997 1681 1061 1744 quo

54 1749 221 1834 praeclare
243 1747 415 1812 familiaris
437 1751 549 1810 nostor
571 1747 712 1811 Ennius:

99 1836 205 1900 Unus
228 1836 343 1900 homo
365 1834 483 1899 nobis
507 1835 722 1900 cunctando
744 1835 925 1899 restituit
947 1857 1034 1900 rem.

100 1922 272 1987 Noenum
295 1943 470 1987 rumores
493 1923 667 2007 ponebat
690 1927 780 1987 ante
804 1923 977 1986 salutem.

101 2010 204 2097 Ergo
241 2015 411 2096 postque
447 2011 650 2095 magisque
686 2011 761 2075 viri
796 2033 894 2075 nunc
935 2011 1061 2096 gloria

794 2099 927 2163 claret.

55 2186 232 2251 Tarentum
255 2207 332 2250 vero
361 2208 425 2270 qua
451 2186 637 2271 vigilantia,
670 2209 733 2270 quo
760 2187 895 2251 consilio
925 2186 1060 2271 reecpit!
1081 2201 1109 2250 11

56 2297 128 2340 cum
152 2274 281 2357 quidem
309 2296 360 2338 me
389 2274 537 2338 audiente
561 2271 750 2356 Salinatori,
779 2275 835 2358 qui
863 2274 982 2339 amisso
1007 2297 1062 2358 op-

55 2362 131 2446 pido
163 2360 295 2446 fugerat
325 2362 360 2425 in
387 2384 506 2443 arcem,
539 2362 694 2447 glorianti
722 2365 818 2446 atque
850 2362 898 2426 ita
930 2362 1061 2427 dicenti:

56 2449 150 2514 ‘Mea
164 2470 293 2533 opera,
308 2447 343 2525 Q.
354 2448 461 2532 Fabi,
474 2448 680 2513 Tarentum
694 2449 901 2532 recepisti':
916 2448 1061 2533 ‘Certe',

55 2537 162 2620 inquit
185 2537 305 2618 ridens,
335 2536 430 2600 ‘nam
453 2536 531 2600 nisi
554 2540 594 2600 tu
618 2537 830 2618 amisisses
857 2558 1061 2620 numquam
1142 2599 1145 2602 .

55 2624 309 2709 recepissem?
355 2623 423 2688 Nec
445 2645 522 2688 vcro
544 2623 579 2686 in
602 2624 700 2687 armis
722 2623 942 2708 praestantior
963 2646 1060 2707 quam

53 2713 89 2776 in
112 2715 205 2798 toga3
229 2712 284 2795 qni
307 2713 418 2776 consul
441 2712 560 2775 iterum
583 2708 637 2794 Sp.
661 2708 801 2775 Carvilio
825 2710 952 2795 collega
975 2711 1061 2793 quic·

55 2803 165 2864 scente
184 2798 218 2864 O.
231 2799 391 2864 Flaminio
407 2800 539 2863 tribuno
557 2796 671 2882 plebis,
687 2798 793 2881 quoad
806 2797 925 2883 potuit,
938 2797 1061 2861 restitit

54 2907 172 2972 agrum
198 2886 364 2952 Picentem
391 2891 424 2951 ct
452 2885 614 2951 Gallicum
640 2886 764 2950 viritim
791 2888 905 2950 contra
929 2887 1060 2949 senatus

55 2975 283 3039 auctoritatem
314 2974 482 3058 dividenti3
522 2995 687 3058 augurque
720 2995 792 3038 cum
825 2976 924 3057 esset,
957 2972 1060 3037 dicere

55 3083 153 3127 ausus
182 3067 232 3126 est
259 3062 417 3147 optimis
446 3061 631 3146 auspiciis
663 3083 705 3126 ea
738 3062 836 3146 geri,
869 3083 964 3144 quae
991 3082 1060 3145 pro

54 3150 113 3214 rei
148 3149 329 3234 publicae
361 3150 487 3214 salute
520 3153 760 3234 gererentur3
797 3171 892 3234 quae
926 3153 1061 3213 contra

55 3259 134 3302 rem
157 3237 352 3321 publicam
373 3237 583 3319 ferrentur,
606 3241 742 3302 eontra
765 3236 939 3322 auspicia
956 3237 1060 3301 ferri.

54 3320 162 3390 Multa
184 3325 219 3388 in
242 3346 286 3398 eo
302 3326 372 3390 viro
396 3325 563 3408 praeclara
590 3325 740 3410 cognovi,
769 3325 825 3389 sed
851 3325 934 3388 nihil
962 3326 1060 3389 admi·
1081 3341 1113 3388 ra

54 3413 206 3497 rabilius,
226 3434 323 3496 quam
343 3434 406 3496 quo
429 3413 524 3478 modo
543 3413 598 3477 ille
620 3417 757 3477 mortem
781 3413 841 3477 filii
867 3412 956 3494 tulit,
980 3414 1060 3478 clari

53 3501 118 3567 viri
141 3504 174 3566 et
193 3501 380 3566 consularis.
412 3499 474 3565 Est
487 3500 522 3564 in
535 3500 684 3565 manibus
698 3501 853 3586 laudatio,
872 3523 969 3584 quam
988 3523 1060 3565 cum
