2446 3944
509 180 749 245 -474-

208 346 303 416 Quem
321 363 419 422 neque
437 345 509 404 fana
528 344 618 403 deum
636 363 690 404 nec
708 344 838 404 fulmina
856 362 911 404 nec
929 343 1084 404 minitanti

206 436 361 493 Murmure
385 433 562 510 compressit
584 434 715 511 caelum,
738 434 790 492 sed
814 452 848 492 eo
872 433 969 511 magis
988 451 1088 492 aorem

206 523 318 582 Inritat
340 522 433 581 animi
455 522 613 594 virtutem,
637 522 795 599 effringere
818 525 855 581 ut
878 524 944 580 arta

205 612 343 670 Naturae
365 611 481 687 primus
504 613 660 686 portarum
683 611 816 669 claustra
838 610 957 686 cupiret
973 657 978 669 .
995 655 1023 669 ..

207 699 306 769 Quare
328 699 436 778 religio
459 699 586 775 pedibus
605 699 742 759 subiecta
763 698 897 758 vicissim

207 788 377 865 Opteritur‚
400 806 454 847 nos
478 791 627 865 exaequat
648 788 776 848 victoria
798 789 891 847 caelo.

185 924 229 989 bs
257 925 361 1006 flrcbte
390 925 475 1006 nicht,
503 925 583 1007 fibri
608 925 711 1006 ssucreq
738 927 808 1007 tort,
839 937 898 991 loen
925 924 973 1006 iit)
1002 937 1062 991 bon
1084 926 1133 989 ber

116 1012 312 1095 (bitterianbt
333 1013 451 1095 losluqt,
475 1015 566 1079 humil
588 1017 642 1080 beu
665 1015 735 1094 req
759 1017 809 1079 bea
833 1014 961 1095 biensis,
984 1015 1040 1079 ben
1064 1015 1132 1094 itaq

118 1104 195 1168 einer
226 1102 368 1183 auctores
395 1102 537 1184 {belabat
564 1121 598 1183 311
625 1103 759 1167 botteler.
806 1103 896 1184 blein,
928 1102 991 1182 jane
1024 1103 1132 1184 ibahar

116 1192 326 1272 porretanum
349 1205 406 1256 non
429 1190 735 1271 paroecianorum
759 1190 894 1272 oielmebr
917 1192 1017 1272 tritten
1040 1191 1068 1271 Ῑο
1094 1193 1134 1272 ott

116 1299 151 1362 8¹1
174 1279 359 1361 iqtnblicben
382 1281 441 1344 urb
469 1280 686 1361 autoritatibus
709 1279 822 1361 iturea
846 1284 970 1359 qaroteu.
1018 1280 1133 1360 §filialem

116 1370 228 1451 Quinc
241 1369 278 1448 lei
293 1367 460 1449 §iphigenia
475 1369 519 1433 bie
528 1367 733 1450 (ttltqeborene
747 1369 826 1433 eines
841 1368 996 1449 mtrbtiqen
1010 1367 1133 1449 Siluius,

116 1475 181 1538 qum
215 1457 309 1540 θρῖα
341 1457 471 1536 geistes.
517 1459 580 1523 iter
608 1457 703 1532 ‘friatis
731 1457 792 1521 eine
820 1456 959 1538 glitiirbe
987 1457 1135 1538 auolant

117 1557 175 1611 oon
193 1548 246 1610 ben
260 1547 423 1627 aurneina
436 1543 562 1611 cortem
575 1563 610 1625 tu
629 1545 771 1626 canister,
791 1546 862 1626 tube
881 1564 948 1611 mon
967 1544 1004 1624 lte
1023 1545 1134 1626 irbtnb:

116 1633 167 1714 riq
191 1652 238 1698 nm
262 1635 363 1699 lIIture
387 1635 521 1714 qeoptert,
545 1634 600 1698 bos
624 1633 745 1699 balneio
768 1636 828 1699 unt
851 1633 896 1699 bie
915 1633 1136 1716 wenlqliqtcit

116 1723 368 1805 niebetlt'mplenb.
415 1727 548 1785 Tantum
569 1726 677 1804 religio
699 1726 802 1803 potuit
825 1726 951 1785 suadere
974 1727 1134 1786 malorum.

77 1895 107 2048 26
183 1932 329 2016 Exposui
356 1933 423 1996 fere
451 1955 517 1997 non
544 1933 813 2018 pbilosophorum
840 1933 972 2016 iudicia,
1000 1934 1059 1998 sed
1082 1934 1134 1998 de·

77 2000 226 2085 ²21irnnt
202 2024 284 2085 trum
312 2021 448 2086 somnia.
493 2019 562 2086 Nec
591 2023 677 2086 enim
705 2022 807 2086 multo
838 2022 1030 2087 absurdiora
1059 2027 1134 2087 sunt

118 2131 164 2192 ea,
188 2131 269 2192 quae
293 2113 369 2192 poet
370 2131 463 2173 arum
481 2110 614 2174 vocibus
638 2110 743 2174 fusa
733 2132 806 2194 ipsa
830 2110 993 2176 suavitate
1015 2133 1133 2176 nocue-

116 2199 207 2279 runt,
240 2197 295 2280 qui
322 2198 391 2261 et
381 2220 430 2262 rra
457 2196 676 2263 inflammatos
701 2203 734 2264 e
720 2199 888 2264 tlibidine
916 2199 1094 2264 furentis
1084 2222 1135 2264 1n-

117 2285 277 2349 duxerunt
304 2286 380 2350 deos
408 2287 630 2373 feceruntque,
662 2292 700 2352 ut
728 2310 838 2353 eorum
865 2288 966 2372 bella,
998 2289 1134 2373 proelia,

116 2395 256 2459 pugnas,
283 2374 418 2439 vulnera
445 2375 640 2462 videremus,
671 2377 745 2441 odia
773 2381 956 2461 praeterea,
989 2376 1134 2463 discidia,

118 2463 307 2548 discordias,
336 2468 441 2547 ortus,
468 2463 631 2550 interitus,
665 2465 839 2549 querellas,
870 2466 1134 2551 lamentationes,

118 2551 234 2616 effusas
258 2552 291 2616 in
310 2553 399 2616 omni
417 2553 669 2636 intemperantia
687 2553 848 2638 libidines,
872 2554 1042 2633 adulteria,
1065 2555 1134 2619 vin·

118 2641 203 2724 cula,
231 2663 302 2706 oum
329 2641 472 2706 humano
500 2663 616 2726 genere
644 2642 835 2707 concubitus
858 2643 1072 2727 mortalisque
1097 2666 1135 2708 ex

77 2743 99 2792 a
118 2729 286 2795 inmortali
316 2733 511 2814 procreatos.
562 2729 644 2796 Cum
676 2734 845 2815 poetarum
883 2736 991 2795 autem
1025 2753 1135 2798 errore

120 2819 311 2902 coniungere
344 2818 421 2882 licet
451 2823 601 2902 portenta
631 2840 801 2903 magorum
830 2818 1134 2904 Aegyptiorumque

118 2907 153 2971 in
177 2907 289 2971 eodem
312 2927 429 2991 genere
452 2907 657 2991 dementiam,
679 2913 750 2973 tum
773 2908 872 2972 etiam
894 2908 985 2991 vulgi
1010 2909 1135 2992 opinio-

118 3017 187 3081 nes,
209 3017 291 3080 quae
309 2995 344 3058 in
362 2996 505 3060 maxima
522 2996 740 3061 inconstantia
757 2996 905 3061 veritatis
924 2997 1134 3081 ignoratione

119 3088 297 3149 versantur.
350 3082 401 3147 Ea
428 3084 489 3167 'qui
526 3084 709 3149 consideret
745 3107 842 3169 quam
878 3085 1064 3150 inconsulte
1097 3107 1135 3151 ac

119 3176 239 3237 temere
263 3173 424 3256 dicantur,
451 3173 599 3237 venerari
621 3173 799 3257 Epicurum
828 3176 861 3237 et
888 3174 923 3238 in
950 3195 1065 3239 eorum
1088 3175 1135 3258 ip-

122 3283 231 3326 sorum
254 3282 402 3346 numero,
430 3260 468 3325 de
497 3261 613 3345 quibus
640 3262 720 3327 baec
749 3261 895 3346 quaestio
920 3265 982 3346 est,
1013 3262 1135 3328 habere

123 3349 244 3416 debeat.
290 3347 386 3415 Solus
406 3349 492 3415 enirn
516 3350 599 3415 vidit
621 3351 761 3433 primum
785 3373 856 3416 esse
878 3351 965 3432 deos,
989 3352 1079 3435 quod
1102 3352 1136 3416 in

176 3438 265 3502 nium
289 3439 405 3504 animis
429 3460 540 3503 eorum
563 3440 728 3504 notionem
752 3439 959 3524 inpressisset
982 3439 1057 3523 ipsa
1079 3463 1136 3505 na-

125 3454 203 3723 Fa.
248 3525 335 3602 Quae
359 3530 409 3592 est
431 3528 516 3592 enim
538 3548 617 3612 gens
642 3532 699 3592 aut
720 3528 806 3613 quod
829 3549 931 3612 genus
953 3527 1136 3615 hominum,
