2446 3944
533 188 772 254 -312-

148 352 257 418 Genus
281 355 389 417 autem
411 350 474 416 hoc
496 372 682 416 sermonum
701 350 846 434 positum
863 350 898 414 in
915 349 1087 416 hominum
1106 375 1165 418 ve·

147 445 255 506 terum
277 439 485 523 auctoritate,
512 442 546 502 et
572 460 683 503 eorum
710 438 911 522 inlustrium,
941 439 1016 523 plus
1043 441 1162 506 nescio

149 550 212 613 quo
235 531 331 613 pacto
354 527 481 592 videtur
502 526 622 591 habere
646 526 833 611 gravitatis3
854 525 965 609 itaque
987 526 1059 611 ipsc
1084 550 1164 594 mea

148 618 260 702 legens
288 615 334 680 sic
369 614 502 679 adficior
531 614 707 698 interdum,
739 617 776 678 ut
803 613 972 697 Catonem,
1004 636 1072 679 non
1106 637 1162 681 mc

113 703 239 787 oloqui
261 703 451 767 existimem.
487 699 550 767 Sed
572 705 609 768 ut
631 706 702 766 tum
725 702 766 766 ad
789 723 897 766 senem
921 723 1017 766 senex
1045 703 1087 767 dc
1111 725 1161 768 se

148 794 290 874 neotutc,
315 791 360 856 sic
382 790 444 855 hoe
467 790 552 855 libro
577 791 618 854 ad
641 789 780 854 amioum
803 789 1018 854 amicissimus
1038 791 1161 876 scripsi

149 880 187 944 de
211 879 363 944 amicitia,
408 877 491 942 Tum
519 880 569 942 est
595 876 677 942 Cato
705 878 847 962 loeutus,
875 899 937 961 quo
966 881 1037 942 erat
1059 900 1160 945 nomo

147 968 215 1032 fere
239 966 346 1031 senior
372 965 575 1051 temporibus
601 965 682 1048 illis,
713 986 808 1029 nemo
836 965 1039 1050 prudentior3
1071 988 1161 1032 nunc

149 1055 278 1120 Laelius
301 1059 334 1120 et
357 1055 485 1139 sapiens
510 1051 570 1138 (sic
593 1053 679 1117 enim
702 1056 752 1117 est
769 1050 917 1138 habitus)
941 1056 974 1117 et
992 1052 1160 1119 amicitiae

150 1144 256 1230 gloria
279 1144 437 1208 excellens
462 1142 500 1206 de
523 1140 668 1205 amicitia
690 1141 849 1224 loquetur.
881 1141 930 1205 Tu
948 1141 1046 1205 velim
1066 1164 1087 1206 a
1105 1165 1176 1208 mc.

150 1232 293 1296 animum
311 1251 484 1315 parumper
502 1233 640 1313 avertas,
655 1228 801 1293 Laelium
815 1229 905 1312 loqui
923 1229 1031 1312 ipsum
1049 1234 1159 1314 putes.

150 1319 184 1385 C.
211 1318 354 1383 Fannius
384 1322 417 1382 et
444 1315 480 1393 Q.
506 1317 631 1382 Mucius
664 1316 705 1380 ad
736 1338 883 1381 socerum
913 1316 1048 1381 veniunt
1080 1325 1160 1402 post

149 1411 289 1472 mortem
312 1404 472 1487 Africani3
495 1405 536 1470 ab
558 1405 611 1468 his
635 1425 740 1468 sermo
760 1404 871 1487 oritur,
889 1404 1064 1489 respondet
1077 1405 1160 1471 Lac·

149 1495 227 1573 lius,
254 1494 344 1559 cuius
367 1497 439 1558 tota
462 1492 639 1577 disputatio
663 1497 713 1557 est
736 1491 774 1556 de
804 1492 961 1576 amicitia,
990 1513 1090 1575 quam
1114 1495 1159 1558 le-

151 1604 229 1669 gens
253 1585 286 1646 te
308 1582 378 1666 ipse
402 1601 584 1665 cognosces.

113 1644 135 1708 2
215 1671 364 1736 Firmus.
414 1666 496 1732 Sunt
517 1668 595 1751 ista,
624 1667 728 1750 Laeli3
759 1688 818 1732 nec
845 1667 932 1732 enim
958 1667 1077 1732 melior
1107 1669 1160 1734 vir

114 1723 212 1822 6fuit
239 1757 393 1822 Africano
422 1756 593 1840 quisquam
619 1777 678 1820 nec
705 1755 830 1819 clarior.
876 1752 938 1818 Sed
968 1754 1159 1822 existimare

150 1845 246 1909 debes
271 1845 414 1909 omnium
437 1844 547 1908 oculos
570 1844 660 1907 inte
688 1864 758 1907 esse
786 1841 947 1906 coniectos
977 1863 1092 1928 unum3
1124 1849 1159 1910 te

149 1933 329 2017 sapientem
347 1935 380 1995 et
399 1931 566 2015 appellant
584 1934 617 1994 et
631 1930 826 1994 existimant.
858 1929 1077 1994 Tribuebatur
1095 1931 1159 1998 hoc

150 2020 245 2085 modo
268 2018 311 2084 M.
334 2018 464 2102 Catoni,
488 2018 606 2083 scimus
629 2017 664 2082 L.
687 2016 829 2082 Acilium
852 2017 938 2102 apud
961 2022 1072 2102 patres
1101 2042 1174 2086 no-·

150 2111 236 2173 stros
255 2107 456 2192 appellatum
475 2127 544 2169 esse
559 2105 747 2189 sapientem,
767 2105 823 2169 sed
840 2109 975 2188 uterquc
994 2105 1059 2171 alio
1079 2128 1160 2191 quo·

150 2196 223 2260 dam
246 2195 356 2278 modo,
384 2192 522 2276 Acilius,
549 2193 625 2276 quia
646 2192 787 2277 prudens
815 2214 885 2258 esse
907 2193 942 2256 in
969 2193 1039 2257 iure
1068 2195 1161 2260 civili

148 2283 335 2368 putabatur,
358 2280 449 2365 Cato,
469 2281 544 2364 quia
562 2281 739 2344 multarum
757 2303 865 2345 rerum
883 2303 977 2345 usum
995 2281 1158 2368 habebat3

149 2372 253 2435 multa
276 2371 343 2434 eius
368 2373 400 2433 et
422 2369 457 2432 in
479 2371 593 2432 senatu
623 2372 656 2432 ct
682 2368 717 2432 in
742 2367 814 2433 foro
841 2370 894 2434 vel
922 2369 1054 2453 provisa
1081 2393 1160 2454 pru-

149 2459 261 2524 denter
292 2459 344 2522 vel
372 2461 445 2522 acta
472 2459 659 2521 constanter
685 2457 738 2521 vel
765 2478 922 2541 responsa
949 2460 1042 2521 acute
1073 2457 1158 2524 ferc-

149 2547 281 2630 bantur3
316 2548 491 2630 propterea
522 2544 615 2628 quasi
646 2565 826 2630 cognomen
857 2545 924 2608 iam
951 2544 1095 2609 habebat
1123 2547 1161 2611 in

97 2643 136 2712 (7)
151 2637 315 2699 senectute
334 2632 499 2717 sapientis.
531 2632 577 2696 Te
600 2635 708 2696 cutem
732 2632 797 2697 alio
817 2632 955 2714 quodam
974 2632 1071 2697 modo
1088 2655 1160 2699 non

150 2725 255 2788 solum
277 2725 395 2786 natura
418 2724 451 2785 et
474 2719 628 2804 moribus,
650 2742 763 2786 verum
786 2720 885 2784 etiam
906 2720 1013 2784 studio
1032 2723 1065 2784 et
1084 2721 1160 2788 doc·

149 2811 236 2876 trina
258 2831 328 2874 esse
352 2809 539 2894 sapientem,
560 2829 619 2872 nee
643 2808 726 2873 sicut
748 2808 876 2893 vulgus,
899 2807 955 2871 sed
977 2811 1014 2871 ut
1036 2809 1160 2874 cruditi

150 2900 256 2963 solent
280 2898 444 2982 appellare
468 2896 656 2980 sapientem,
680 2896 808 2979 qualem
826 2895 861 2960 in
879 2896 1005 2978 reliqua
1019 2894 1160 2963 Graecia

113 3004 129 3052 ⁷
148 2987 310 3051 neminem
333 2983 506 3070 (namqui
530 2987 654 3067 septem
677 2984 896 3067 appellantur,
916 3005 984 3067 eos,
1012 2984 1068 3066 qui
1090 2984 1160 3050 ista

150 3075 302 3138 subtilius
327 3075 493 3157 quaerunt,
515 3071 551 3134 in
567 3092 701 3135 numero
721 3071 915 3154 sapientium
929 3093 995 3135 non
1008 3071 1159 3157 habent),

149 3163 288 3226 Athenis
311 3184 410 3225 unum
434 3159 623 3243 accepimus,
646 3162 679 3222 et
700 3180 772 3222 eum
791 3159 920 3242 quidem
939 3159 1038 3223 etiam
1052 3159 1159 3245 Apol-

148 3249 224 3312 linis
248 3250 378 3314 oraculo
402 3247 676 3332 sapientissimum
699 3246 889 3330 iudicatum3
917 3247 1000 3311 hane
1024 3269 1095 3311 esse
1122 3249 1160 3314 in

148 3338 182 3399 te
206 3337 399 3419 sapientiam
423 3335 633 3417 existumant,
662 3336 700 3398 ut
723 3334 832 3398 omnia
855 3339 912 3399 tua
933 3335 969 3398 in
990 3338 1024 3398 te
1046 3335 1160 3420 posita

149 3443 219 3485 esse
244 3423 342 3488 ducas
365 3411 587 3506 humanosque
610 3443 703 3487 casus
726 3422 847 3487 virtute
865 3422 1035 3487 inferiores
1052 3427 1159 3507 putes.

145 3508 263 3594 Itaque
286 3533 325 3576 ex
348 3533 400 3576 mc
424 3513 596 3595 quaerunt,
625 3509 720 3575 credo
744 3531 783 3574 ex
805 3510 866 3575 hoo
888 3511 969 3574 item
992 3507 1160 3598 Scaevola,
