2446 3944
533 179 772 245 -390—

151 362 336 407 maxumum
367 339 499 424 dixerit,
535 339 681 423 quamuis
717 340 803 404 idem
833 338 1021 405 forticulum
1059 364 1096 407 se
1127 342 1161 408 in

100 436 103 441 ’
149 428 344 495 torminibus
375 430 409 491 et
439 427 474 492 in
501 428 686 512 stranguria
713 449 771 492 sua
801 427 964 510 praebeat.
1018 427 1161 495 Aliunde

150 518 251 602 igitur
273 518 322 580 est
344 515 525 598 quaerenda
547 515 717 595 medicina,
741 519 774 580 et
796 516 936 580 maxime
959 517 1101 601 quidem,
1124 519 1161 603 si,

150 605 226 689 quid
257 603 395 668 maxime
427 605 676 668 consentaneum
709 603 764 685 sit,
800 603 997 687 quaerimus,
1034 605 1077 669 ab
1111 606 1160 689 iis,

149 692 279 776 quibus,
310 691 394 774 quod
425 689 599 756 honestum
631 693 688 776 sit,
719 712 878 755 summum
906 692 1041 774 bonum,
1074 694 1159 777 quod

149 788 256 863 turpe,
278 800 441 843 summum
463 779 589 843 uidetur
611 779 742 842 malum.
786 777 848 842 His
871 782 907 843 tu
929 783 1157 863 praesentibus

150 889 276 952 gemere
304 870 337 930 et
362 867 483 931 iactare
509 869 543 929 te
565 888 631 931 non
658 866 790 931 audebis
817 866 977 951 profect03
1006 868 1159 953 loquetur

97 956 236 1078 20enim
259 976 369 1019 eorum
392 975 469 1019 voce
491 953 605 1018 Virtus
628 954 701 1037 ipsa
722 958 842 1018 tecum:
977 995 981 1002 ·
1134 1045 1140 1059 ι

96 1090 131 1140 ⁴⁶
150 1043 330 1215 ouili-¹35,
352 1042 1157 1225 1111111111111111111111111

148 1219 300 1284 vissimas
326 1218 440 1301 plagas
468 1218 501 1281 et
521 1216 656 1281 ferentis
680 1218 822 1302 silentio,
851 1217 879 1281 si
901 1221 933 1281 te
955 1217 1041 1283 forte
1065 1219 1158 1285 dolor

149 1307 267 1390 aliquis
299 1305 498 1388 pervellerit,
530 1305 724 1369 exclamabis
756 1309 793 1369 ut
823 1305 951 1388 mulier,
981 1326 1050 1370 non
1084 1329 1156 1373 con·

150 1398 275 1458 stanter
302 1398 335 1456 et
361 1391 600 1457 sedate-feres?
624 1428 666 1438 -
688 1392 775 1457 Fieri
796 1414 862 1456 non
884 1395 1009 1476 potest3
1040 1399 1158 1460 natura

148 1504 215 1547 non
246 1481 378 1564 patitur.
410 1516 452 1525 —
484 1479 600 1545 Audio.
653 1479 748 1544 Pueri
780 1480 889 1544 ferunt
923 1479 1028 1564 gloria
1060 1482 1157 1564 ducti,

148 1570 257 1633 ferunt
278 1568 400 1652 pudore
419 1567 488 1646 alii,
510 1567 604 1631 multi
628 1572 730 1651 metu,
754 1572 786 1632 et
808 1571 919 1632 tamen
935 1589 1099 1654 veremur,
1122 1574 1158 1635 ut

149 1656 225 1735 hoc,
255 1656 340 1740 quod
363 1678 383 1719 a
404 1657 472 1718 tam
495 1655 606 1719 multis
629 1658 661 1719 et
684 1655 769 1739 quod
792 1658 843 1719 tot
864 1655 944 1720 locis
966 1657 1158 1740 perferatur,

149 1748 266 1808 natura
288 1742 453 1827 patiatur?
497 1741 560 1806 Illa
581 1764 657 1808 vero
679 1764 745 1808 non
767 1742 863 1807 modo
885 1744 1022 1827 patitur,
1046 1767 1156 1811 verum

149 1833 247 1896 etiam
273 1831 432 1914 postulat,
459 1829 541 1893 nihil
569 1830 653 1894 enim
680 1830 781 1895 habet
802 1831 1035 1915 praestantius,
1064 1834 1158 1917 nihil,

149 1919 234 2003 quod
256 1917 361 2002 magis
385 1920 513 2001 expetat
536 1939 633 2000 quam
654 1916 874 2001 honestatem,
899 1939 997 2002 quam
1019 1919 1158 2005 laudem,

149 2027 246 2090 quam
272 2005 479 2089 dignitatem,
505 2025 603 2087 quarn
631 2005 735 2070 decus.
786 2005 884 2070 Hisce
916 2026 977 2090 ego
1007 2008 1157 2089 pluribus

148 2092 333 2158 nominibus
350 2113 448 2156 unam
465 2112 534 2154 rem
552 2091 710 2156 declarari
727 2093 810 2177 volo,
830 2093 885 2158 sed
903 2098 986 2177 utor,
1003 2099 1043 2160 ut
1060 2118 1158 2180 quam

149 2181 288 2245 maxime
312 2179 504 2263 significem,
526 2179 682 2262 pluribus.
717 2179 802 2246 Volo
820 2185 928 2246 autem
947 2181 1054 2246 dicere
1074 2184 1155 2248 illud

148 2267 273 2332 homini
299 2267 396 2350 longe
424 2269 591 2348 optumum
618 2289 701 2351 esse,
729 2268 813 2351 quod
840 2269 947 2352 ipsum
975 2270 1018 2333 sit
1042 2274 1157 2354 optan-

150 2355 225 2420 dum
247 2377 305 2438 per
332 2376 380 2438 se,
406 2376 426 2418 a
453 2354 571 2418 virtute
597 2355 778 2438 profectum
805 2357 856 2420 vel
886 2357 920 2420 in
942 2357 1015 2438 ipsa
1036 2359 1157 2424 virtute

149 2444 261 2526 situm,
298 2464 356 2507 sua
393 2445 509 2525 sponte
550 2443 725 2527 laudabile,
766 2444 851 2528 quod
891 2444 1020 2527 quidem
1062 2447 1156 2511 citius

149 2530 284 2595 dixerim
307 2531 413 2595 solum
435 2552 532 2613 quam
553 2552 799 2597 nonsummum
822 2532 952 2598 bonum.
989 2531 1098 2616 Atque
1122 2538 1158 2598 ut

148 2619 228 2683 haec
259 2619 297 2682 de
329 2618 482 2703 honesto,
513 2618 559 2682 sic
586 2619 624 2683 de
655 2620 743 2702 turpi
776 2620 949 2702 contraria,
974 2620 1060 2684 nihil
1088 2625 1157 2686 tam

148 2710 302 2792 taetrum,
333 2705 416 2770 nihil
447 2710 516 2769 tam
550 2707 798 2793 aspernandum,
829 2707 913 2771 nihil
944 2707 1077 2773 homine
1110 2711 1156 2773 in·

150 2794 182 2858 di
229 2796 288 2859 ius

96 2895 129 2942 47
183 2814 308 2958 gnQuod
330 2881 359 2945 si
381 2881 442 2944 tibi
463 2902 651 2964 persuasum
674 2885 724 2946 est
747 2880 918 2967 (principio
939 2884 1024 2948 enim
1047 2886 1158 2950 dixisti

149 2971 221 3053 plus
239 2970 274 3033 in
292 2969 444 3034 dedecore
463 2968 543 3032 mali
564 2969 626 3034 tibi
643 2969 745 3034 videri
763 2992 859 3055 quam
878 2973 911 3035 in
931 2969 1066 3058 dolore),
1084 2974 1156 3041 reli·
1211 3003 1217 3014 ·

149 3079 247 3141 quum
266 3061 329 3140 est,
351 3059 389 3120 111
410 3059 479 3120 tute
497 3057 559 3121 tibi
578 3058 728 3143 imperes3
752 3080 944 3143 quamquam
965 3059 1028 3125 hoc
1046 3063 1156 3127 nescio

97 3144 1157 3315 1111111111111111111111111111

150 3319 276 3383 animus
295 3320 330 3383 in
348 3283 451 3403 pdrtis
470 3319 611 3384 tributus
629 3320 721 3404 duas,
745 3344 879 3406 quarum
899 3323 1000 3386 altera
1017 3325 1156 3390 rationis

150 3411 199 3468 est
222 3407 396 3492 particeps,
424 3409 527 3473 altera
549 3428 671 3491 expers.
723 3405 805 3474 Cum
827 3411 927 3494 igitur
949 3413 1157 3495 praecipitur,

148 3494 186 3556 111
202 3493 364 3558 nobismet
381 3495 461 3579 ipsis
481 3496 673 3578 imperemus
678 3546 687 3580 ,
705 3496 767 3562 hoc
784 3497 993 3584 praecipitur,
1016 3502 1054 3564 ut
1071 3500 1156 3565 ratio

67 3584 162 3716 Ὶ
