2446 3944
469 206 622 271 -195
667 239 709 250 -

84 381 228 444 morsus,
260 360 362 445 impet
363 383 416 444 ιιι,
448 361 529 427 haec
560 383 706 447 ergo,u
685 362 834 464 utdixi,
865 362 999 427 rariora.
1043 361 1090 426 At
1108 378 1144 429 ιο

84 470 161 513 vero
192 448 344 512 interitus
372 449 582 533 exercituum,
613 453 650 514 ut
676 451 822 534 proxime
848 450 961 534 trium,
995 471 1149 534 saepe

84 537 275 619 multorum,
307 536 414 600 clades
441 537 688 621 imperatorum,
719 541 756 602 ut
782 559 885 623 nuper
912 537 1031 602 summi
1058 540 1090 601 et

85 623 260 709 singularis
288 624 364 708 ιιιι,
391 624 530 689 invidiae
557 628 650 709 praet
652 647 725 690 erea
752 626 969 690 multitudinis
993 628 1090 709 atque

84 712 126 775 ob
146 733 200 774 eas
218 712 299 776 bene
318 712 413 776 merit
416 734 507 776 orum
526 733 622 796 saepe
640 713 758 777 civium
777 714 989 798 expulsiones,
1007 713 1090 778 c-ula

84 799 215 862 mitates
220 799 362 884 ,fugae,
384 822 559 883 rursusque
583 801 739 865 secundae
761 822 826 884 res,
853 801 1078 884 honores,im
1078 836 1091 847 ·

85 887 189 971 peria,
210 887 377 970 victoriae,
401 909 597 971 quamquam
618 887 756 953 fortuita
778 893 866 972 sunt,
889 893 998 954 tamen
1021 889 1090 953 sine

85 973 252 1038 hominum
280 975 395 1059 opibus
424 979 456 1038 et
442 975 599 1039 tstudiis
626 979 774 1040 neutram
799 977 834 1040 in
855 981 983 1060 partem
1006 976 1091 1041 effici

85 1065 229 1146 possunt.
274 1061 346 1127 Hoc
373 1062 475 1147 igitur
502 1063 632 1148 cognito
660 1063 828 1129 dicendum
856 1071 918 1147 est,
950 1085 1090 1148 quonam
1159 1081 1163 1088 ’

86 1149 181 1214 modo
209 1150 377 1214 hominum
404 1150 510 1214 studia
538 1151 578 1215 ad
605 1151 764 1216 utilitates
796 1155 926 1217 nostras
959 1151 1090 1215 allicere

86 1241 183 1321 atque
202 1237 341 1302 excitare
359 1238 530 1321 possimus.
566 1236 654 1313 Quae
673 1240 701 1302 si
713 1240 843 1325 longior
860 1239 957 1304 fuerit
976 1239 1090 1320 oratio,

85 1347 158 1389 cum
184 1326 407 1410 magnitudine
434 1325 589 1390 utilitatis
621 1332 838 1411 comparetur,
869 1327 918 1392 ita
948 1326 1090 1391 fortasse

85 1413 185 1477 etiam
207 1412 338 1477 brevior
361 1413 531 1479 videbitur.

151 1498 376 1584 Quaecumque
403 1501 504 1586 igitur
535 1502 682 1567 homines
713 1503 837 1568 homini
868 1503 1017 1567 tribuunt
1049 1501 1090 1566 ad
1108 1516 1141 1566 ιι

85 1610 158 1652 eum
181 1588 364 1673 augendum
386 1593 483 1673 atque
505 1589 752 1674 honestandam,
774 1594 830 1655 aut
852 1589 1090 1655 benivolentiae

85 1676 193 1761 gratia
209 1676 343 1760 faciunt,
360 1698 433 1741 cum
451 1676 561 1761 aliqua
579 1677 617 1742 de
631 1699 728 1743 causa
742 1678 926 1762 quempiam
940 1677 1090 1763 diligunt,

85 1766 142 1828 aut
168 1763 315 1847 honoris,
347 1764 375 1827 si
403 1764 493 1829 cuius
519 1765 675 1829 virtutem
707 1767 899 1850 suspiciunt,
931 1786 1090 1849 quemque

85 1851 218 1936 dignum
231 1851 364 1916 fortuna
378 1874 475 1935 quam
490 1852 692 1936 amplissima
708 1856 835 1938 putant,
854 1858 910 1917 aut
924 1853 975 1918 cui
992 1852 1090 1917 fidem

84 1939 208 2002 habent
229 1941 262 2003 et
285 1939 365 2003 bene
388 1940 484 2003 rebus
508 1941 574 2004 suis
597 1941 763 2006 consulere
791 1940 1004 2023 arbitrantur,
1033 1942 1090 2004 aut

86 2025 175 2090 euius
199 2047 275 2110 opes
298 2030 460 2110 metuunt,
483 2031 540 2092 aut
562 2032 689 2113 contra,
712 2052 732 2094 a
755 2029 871 2113 quibus
894 2028 1016 2112 aliquid
1038 2050 1089 2093 ex-

85 2116 243 2198 spectant,
260 2118 297 2177 ut
315 2137 388 2179 cum
401 2135 495 2200 reges
509 2117 722 2200 popularesve
735 2117 883 2182 homines
897 2116 1088 2201 largitiones

85 2201 211 2285 aliquas
238 2206 437 2286 proponunt,
469 2208 525 2267 aut
554 2207 718 2287 postremo
746 2205 851 2289 pretio
880 2227 917 2270 ac
944 2204 1089 2268 mercede

85 2288 205 2353 ducunt
191 2293 257 2372 tur,
285 2312 366 2373 quae
394 2290 616 2356 sordidissima
642 2295 692 2356 est
677 2292 773 2356 tilla
796 2292 925 2375 quidem
948 2291 1032 2356 ratio
1055 2293 1089 2354 et

45 2373 49 2380 ’
84 2377 347 2460 inquinatissima
369 2377 446 2442 et'
423 2399 474 2461 us,
498 2378 554 2462 qui
576 2400 614 2443 ea
636 2381 796 2478 tenentur,
819 2384 852 2444 et
873 2379 949 2462 illis,
973 2400 1029 2463 qm
1019 2377 1089 2442 ad

86 2486 158 2529 eam
176 2464 349 2549 confugere
367 2469 537 2549 conantum
556 2466 640 2531 male
655 2466 739 2530 enim
759 2489 793 2531 se
810 2489 861 2532 res
879 2467 987 2548 habet,
1007 2487 1088 2547 eum,
1107 2479 1141 2528 22

85 2553 172 2636 quod
192 2553 314 2618 virtute
337 2552 421 2618 effici
444 2553 553 2636 debet,
580 2552 614 2616 id
636 2555 816 2636 temptatur
837 2553 981 2638 pecunia.
1026 2550 1090 2617 Sed

86 2639 238 2724 quoniam
269 2662 336 2706 non
366 2661 542 2724 numquam
574 2639 635 2703 hoc
667 2639 846 2703 subsidium
871 2640 1089 2704 necessarium

85 2732 148 2810 est,
181 2749 276 2811 quem
308 2727 349 2792 ad
380 2727 511 2792 modum
539 2726 582 2790 sit
609 2726 765 2791 utendum
792 2748 843 2810 eo,
875 2727 1030 2807 dicemus,
1062 2726 1090 2789 si

84 2815 174 2899 prius
197 2815 237 2879 iis
262 2815 432 2897 derebus,
456 2836 537 2898 quae
560 2813 675 2877 virtuti
697 2813 865 2899 propiores
889 2816 977 2896 sunt,
1005 2812 1088 2876 dixe

85 2903 196 2967 rimus.
241 2901 350 2986 Atque
382 2903 481 2966 etiam
513 2901 676 2966 subiciunt
708 2923 742 2966 se
773 2901 920 2965 homines
951 2899 1088 2984 imperio

85 2990 219 3054 alterius
251 2995 284 3054 et
315 2989 474 3074 potestati
505 2989 544 3054 de
577 2990 681 3055 causis
713 2988 869 3074 pluribus.
918 2987 1088 3052 Ducuntur

84 3078 170 3142 enim
199 3081 255 3143 aut
281 3077 501 3143 benivolentia
529 3080 585 3142 aut
612 3077 839 3142 beneficiorum
866 3074 1088 3160 magnitudine

84 3169 141 3230 aut
160 3165 329 3250 dignitatis
348 3165 549 3249 praestantia
568 3168 624 3229 aut
643 3186 700 3250 spe
719 3164 781 3228 sibi
798 3164 833 3228 id
849 3163 930 3228 utile
942 3162 1088 3227 futurum

84 3256 141 3317 aut
164 3257 267 3337 metu,
289 3275 330 3318 ne
352 3253 386 3317 vi
407 3274 521 3337 parere
544 3256 716 3338 cogantur,
743 3255 800 3316 aut
823 3273 880 3336 spe
902 3250 1102 3337 largitionis·

82 3340 316 3425 promissisque
339 3341 427 3424 capti
450 3343 506 3404 aut
529 3344 708 3424 postremo,
737 3343 774 3402 ut
801 3361 896 3423 saepe
918 3339 954 3402 in
974 3342 1051 3404 nost

83 3429 263 3513 republica
281 3428 435 3512 videmus,
454 3428 598 3492 mercede
617 3426 773 3492 conducti.
810 3425 960 3492 Omnium
979 3252 1173 3712 aas

82 3537 191 3581 rerum
216 3538 275 3582 nec
303 3515 410 3600 aptius
438 3518 489 3580 est
515 3515 686 3598 quicquam
713 3513 755 3578 ad
781 3535 858 3598 opes
884 3514 1021 3582 tuendas

877 3615 930 3674 13ἸΙ
