2446 3944
558 157 792 254 -144-

170 361 259 442 post,
292 358 378 443 quod
409 379 444 422 se
475 356 614 422 oblitum
645 357 753 422 nescio
786 356 864 440 quid
896 356 1029 441 diceret,
1065 356 1182 425 deinde

172 466 321 530 egressus
349 468 367 511 e
394 446 510 511 castris
537 445 606 510 iure
633 444 768 510 iurando
797 466 831 509 se
860 445 1003 510 solutum
1030 447 1182 530 putabat,

171 537 205 598 εὴ
232 537 302 598 erat
329 533 449 618 verbiS,
476 554 512 597 re
538 555 604 598 non
630 537 709 599 erat.
755 530 888 616 Semper
916 538 1025 598 autem
1052 534 1087 598 in
1115 533 1181 599 fide

172 621 249 704 qnid
268 622 416 706 senseris,
433 643 499 687 non
514 622 590 706 quid
605 621 732 706 dixeris,
750 621 968 706 cogitandum.
999 619 1181 687 Maximum

172 712 281 774 antem
304 710 485 793 exemplum
508 713 559 774 est
581 709 725 774 iustitiae
748 709 783 774 in
804 708 934 774 hostem
957 731 977 774 a
999 709 1180 775 maioribus

170 799 292 862 nostris
325 799 552 882 constitutum,
584 820 657 863 cum
687 821 706 863 a
732 797 858 881 Pyrrho
885 796 1024 883 perfuga
1051 799 1181 864 senatui

172 888 222 949 est
248 886 414 970 pollicitus
443 907 477 950 se
504 907 662 952 venenum
688 887 760 971 regi
788 886 939 950 daturum
967 890 999 950 et
1027 908 1100 950 eum
1126 909 1181 952 ne

172 976 334 1058 catorum,
365 977 496 1038 senatus
529 978 561 1037 et
593 972 627 1038 (l.
656 972 823 1039 Fabricius
854 974 1024 1058 perfugam
1051 974 1196 1058 Pyrrho·

173 1061 302 1125 dedidit.
346 1061 399 1125 Ita
426 1069 467 1125 ne
493 1061 598 1125 hostis
625 1061 753 1144 quidem
776 1065 809 1125 et
831 1063 974 1145 potentis
999 1065 1031 1126 et
1054 1062 1180 1128 bellum

119 1163 152 1211 41
172 1149 259 1213 ultro
273 1148 441 1214 inferentis
460 1149 627 1213 interitum
646 1171 719 1213 eum
738 1150 856 1213 scelere
875 1150 1092 1233 approbavit]
1129 1151 1180 1216 Ac

173 1237 211 1301 de
235 1237 360 1302 bellicis
385 1238 512 1320 quidem
536 1236 651 1301 officiis
675 1236 754 1300 satis
778 1237 899 1301 dictum
923 1243 981 1302 est.
1026 1237 1179 1303 Memine-

172 1325 274 1389 rimus
302 1330 410 1390 antem
442 1325 539 1389 etiam
571 1324 725 1388 adversus
756 1324 884 1388 infimos
915 1324 1076 1390 iustitiam
1107 1347 1178 1391 esse

173 1412 372 1478 servandam.
408 1411 470 1477 Est
488 1415 597 1477 autem
615 1411 728 1476 infima
746 1412 888 1476 condicio
908 1416 940 1476 et
958 1412 1090 1478 fortuna
1114 1435 1179 1478 ser-

172 1523 300 1584 vorum,
333 1501 448 1584 quibus
475 1522 541 1565 non
568 1501 653 1564 male
680 1500 881 1584 praecipiunt
909 1500 964 1583 qui
990 1501 1038 1564 ita
1063 1501 1178 1565 iubent

172 1588 230 1671 uti,
253 1592 290 1652 ut
312 1588 551 1653 mercennariis:
576 1610 712 1674 ,operam
740 1587 944 1672 exigendam,
970 1588 1057 1652 insta
1085 1611 1178 1674 prse-

172 1677 287 1742 benda.
332 1675 412 1740 Cum
436 1679 545 1740 autem
568 1676 692 1741 duobus
715 1675 833 1756 modis,
855 1675 890 1739 id
912 1679 961 1739 est
984 1680 1040 1740 aut
1064 1677 1096 1741 vi
1121 1680 1178 1742 aut

52 1789 55 1795 ·
172 1764 293 1846 fraude,
315 1764 374 1827 fiat
396 1763 525 1845 iniuria,
547 1764 638 1828 fraus
662 1764 755 1846 quasi
778 1763 977 1847 vulpeculae,
1000 1764 1049 1828 vis
1073 1765 1177 1830 leonis

172 1851 311 1933 videtur3
329 1855 502 1933 utrumque
515 1850 646 1915 homine
664 1851 905 1935 alienissimum,
924 1852 980 1915 sed
992 1851 1082 1916 frans
1102 1852 1177 1919 odio

173 1938 271 2022 digna
286 1938 414 2002 maiore.
446 1937 560 2002 Totius
575 1942 683 2001 autem
699 1938 878 2002 iniustitiae
895 1940 987 2003 nulla
1005 1940 1178 2024 capitalior

173 2047 270 2108 quam
290 2046 409 2110 eorum,
433 2025 583 2109 quitum,
607 2047 678 2090 cum
702 2026 840 2090 maxime
858 2026 986 2110 fallunt,
1008 2027 1041 2092 id
1065 2032 1177 2114 agunt,

122 2117 208 2231 1„tut
231 2113 297 2213 viri.
315 2113 394 2178 boni
416 2135 486 2177 esse
508 2113 686 2178 videantur.
719 2113 771 2214 lle
793 2114 920 2179 iustitia
943 2116 1022 2179 satis
1046 2115 1176 2216 dictum.

119 2246 153 2294 ⁴2
173 2287 211 2351 a
234 2199 1178 2374 tettaettttftttttcdtltssttttt

172 2376 313 2441 hominis
337 2377 621 2461 accommodatius,
649 2378 704 2442 sed
731 2378 832 2442 habet
858 2379 978 2442 multas
1002 2379 1176 2445 cautiones.

171 2462 353 2529 Videndum
372 2467 422 2528 est
441 2464 534 2547 enim,
557 2466 698 2549 primum
716 2487 756 2529 ne
775 2465 862 2530 obsit
880 2466 1065 2551 benignitas
1083 2471 1117 2532 et
1135 2468 1176 2532 iis

172 2551 261 2636 ipsis,
285 2551 400 2635 quibus
423 2552 561 2637 benigne
580 2553 742 2618 videbitur
761 2554 840 2636 fieri,
863 2557 896 2618 et
914 2555 1038 2638 ceteris,
1062 2555 1176 2620 deinde

172 2661 212 2704 ne
235 2640 339 2704 maior
361 2639 552 2725 benignitas
569 2641 613 2705 sit
636 2663 732 2725 quam
754 2642 940 2726 facultates,
962 2646 1033 2707 tum
1056 2647 1092 2707 ut
1115 2665 1175 2728 pro

172 2728 331 2813 dignitate
354 2728 468 2811 cuique
490 2729 666 2813 tribuatur3
693 2730 726 2793 id
753 2729 838 2794 enim
865 2733 915 2794 est
938 2730 1082 2796 iustitiae
1105 2731 1177 2796 fun-

173 2815 367 2899 damentum,
387 2817 427 2880 ad
446 2837 543 2899 quam
561 2817 641 2882 haec
659 2817 825 2882 referenda
844 2821 919 2881 sunt
938 2819 1054 2883 omnia.
1088 2818 1176 2885 Nam

172 2907 205 2969 et
228 2904 283 2988 qui
307 2903 532 2989 gratificantur
550 2905 699 2990 cuipiam,
722 2906 805 2990 quod
825 2905 911 2970 obsit
929 2907 988 2989 illi,
1011 2907 1062 2971 eui
1080 2908 1176 2991 prod-

172 3013 241 3056 esse
260 2993 344 3057 velle
362 2992 545 3074 videantur,
568 3014 634 3056 non
653 2993 786 3058 benefici
803 3015 907 3076 neque
930 2995 1095 3078 liberales,
1120 2995 1176 3061 sed

171 3079 345 3162 perniciosi
363 3080 585 3144 adsentatores
604 3080 764 3145 iudicandi
783 3085 866 3165 sunt,
890 3085 922 3145 et
945 3082 1001 3165 qui
1023 3082 1097 3146 aliis
1119 3105 1177 3150 no·

172 3170 254 3249 cent,
272 3171 309 3231 ut
326 3168 362 3232 in
379 3167 460 3232 alios
474 3168 626 3232 liberales
650 3168 726 3252 sint,
743 3169 776 3232 in
791 3170 902 3234 eadem
916 3173 991 3234 sunt
1004 3170 1177 3258 iniustitia,

119 3265 152 3314 43
172 3255 209 3317 ut
241 3254 269 3317 si
300 3254 334 3318 in
366 3276 459 3319 suam
485 3277 554 3320 rem
582 3256 689 3320 aliena
715 3261 911 3322 convertant.
957 3255 1039 3322 Sunt
1066 3263 1178 3326 autem

172 3340 276 3423 multi,
300 3345 332 3405 et
355 3343 483 3426 quidem
506 3343 614 3427 cupidi
637 3344 816 3428 splendoris
835 3349 868 3409 et
886 3345 1018 3431 gloriae,
1042 3347 1099 3429 qui
1116 3348 1178 3414 eri·

171 3427 265 3511 piunt
289 3428 371 3512 aliis,
394 3431 480 3514 quod
503 3432 576 3496 aliis
599 3432 788 3517 largiantur,
811 3433 897 3517 iique
920 3434 1123 3500 arbitrantur
1143 3459 1179 3502 se

171 3515 330 3581 beneficos
353 3517 387 3580 in
411 3539 486 3583 suos
510 3519 630 3586 amicos
653 3519 758 3585 visum
780 3520 881 3606 iri,‘si
899 3521 1099 3608 locupletent
1120 3547 1180 3592 eos
