2446 3944
539 176 778 241 ..444-

154 356 226 400 eum
244 335 365 417 ipsum,
383 354 455 398 cum
472 332 575 398 forem
594 331 732 397 cubiculi
750 331 918 415 clauserat,
937 331 1174 416 detorquebat.

152 422 304 506 Idemque
327 442 398 486 cum
421 421 456 485 in
474 419 696 485 communibus
716 420 876 504 suggestis
900 419 1087 485 consistere
1105 442 1173 487 non

102 528 136 578 60
155 510 298 592 auderet,
326 509 506 573 contionari
533 529 572 572 ex
602 508 685 573 turri
717 508 785 572 alta
812 506 946 572 solebat.
997 505 1154 591 Atque
1143 530 1172 573 11

103 1545 134 1593 61

101 1607 143 1671 21

104 2805 136 2854 61

154 620 227 662 cum
258 559 326 679 pila
352 595 460 661 ludere
487 596 585 660 vellet
611 592 656 678 (st
642 595 769 660 tudiose'
794 595 880 659 enim
910 595 944 658 id
973 594 1171 679 factitabat)

153 685 357 768 tunicamque
376 688 523 767 poneret,
542 682 794 765 adulescentulo,
813 703 908 766 quem
929 683 1079 766 amabat,
1102 688 1168 748 tra-

154 773 272 838 didisse
299 771 442 856 gladium
470 771 595 835 dicitur.
645 769 708 836 Hic
735 791 807 835 cum
833 769 967 854 quidam
989 770 1169 836 familiaris

154 861 263 926 iocans
291 860 435 924 dixisset:
469 858 583 923 ‘Huic
610 857 760 941 quidem
788 862 891 923 certe
913 858 1038 922 vitam
1061 860 1168 924 tuam

155 946 396 1030 committis',
414 946 643 1030 adrisissetque
660 945 856 1028 adulescens,
874 948 1051 1028 utrumque
1070 947 1168 1011 iussit

153 1036 303 1119 interfici,
331 1035 479 1116 alterum,
511 1033 587 1118 quia
613 1034 699 1097 viam
730 1032 1019 1098 demonstravisset
1052 1034 1165 1099 interi-

154 1124 262 1188 mendi
281 1123 344 1206 sui,
362 1122 513 1204 alterum,
534 1120 611 1204 quia
629 1120 751 1185 dictum
768 1120 802 1186 id
819 1120 887 1185 risu
906 1121 1164 1203 adprobavisset

154 1211 261 1295 Atque
284 1232 321 1276 eo
348 1209 435 1275 facto
459 1210 504 1274 sic
527 1208 642 1291 doluit,
669 1208 752 1273 nihil
773 1211 811 1273 ut
837 1207 950 1272 tulerit
972 1209 1110 1292 gravius
1132 1210 1164 1273 in

154 1299 233 1383 vita3
261 1320 356 1382 quem
383 1297 468 1361 enim
495 1296 698 1360 vehementer
726 1299 864 1379 amarat,
890 1296 1063 1362 occiderat.
1115 1295 1164 1362 Sic

155 1385 377 1451 distrahuntur
399 1385 434 1448 in
457 1383 634 1450 contrarias
658 1384 762 1466 partis
788 1383 1018 1466 impotentium
1041 1385 1163 1468 eupidi-

154 1477 246 1538 tates.
291 1471 371 1538 Cum
392 1472 468 1536 huie
491 1472 662 1536 obsecutus
685 1471 743 1553 sis,
766 1472 814 1535 illi
837 1473 887 1536 111
908 1473 1164 1556 repugnandum.

222 1561 421 1644 Quamquam
452 1559 505 1623 hic
536 1559 665 1643 quidem
695 1562 854 1642 tyrannus
889 1559 961 1642 ipse
997 1560 1162 1644 iudicavit,

154 1672 251 1734 quam
281 1651 365 1713 esset
393 1647 517 1712 beatus.
568 1645 653 1711 Nam
682 1667 754 1711 cum
784 1646 915 1730 quidam
943 1667 981 1710 ex
1010 1647 1081 1713 eius
1112 1648 1162 1712 ad·

156 1735 386 1837 sentatoribns,
421 1734 605 1818 Damocles,
641 1737 906 1801 commemoraret
942 1734 977 1799 in
1014 1755 1162 1800 sermone

155 1825 263 1906 copias
282 1824 363 1906 eius,
386 1844 479 1905 opes,
497 1823 700 1887 maiestatem
719 1821 916 1922 dominatus,
933 1842 1043 1887 rerum
1063 1824 1161 1888 abun·

155 1911 311 1992 daritiam,
334 1910 608 2009 magnificentiam
631 1909 757 1974 aedium
779 1909 940 1994 regiarum
964 1915 1163 2012 negaretque

155 2019 307 2113 umquam
338 1997 425 2061 beat
400 2001 517 2061 t10rem
549 2018 740 2080 quemquam
771 1996 885 2098 fuisse,
917 1996 1102 2062 Visne
1092 1999 1161 2083 1gi·

154 2085 247 2168 tur',
273 2083 427 2185 inquit,
434 2106 452 2148 ο
480 2083 675 2167 Damocle,
703 2086 884 2167 quoniam
906 2085 1061 2150 1111111
1084 2086 1163 2151 vita

155 2172 373 2255 delectat,
363 2192 446 2254 rpse
473 2193 552 2235 earn
580 2172 788 2254 degustare
816 2177 853 2236 et
839 2171 958 2237 ttfor
944 2176 1080 2238 tunam
1103 2195 1162 2238 ex·

154 2259 276 2344 periri
307 2257 463 2323 meam‘?'
516 2257 597 2323 Cum
625 2280 659 2323 11
685 2259 742 2323 1111
770 2280 882 2344 cupere
909 2260 1059 2344 dixisset,
1091 2283 1163 2327 con·

154 2349 254 2413 locari
281 2347 378 2412 iussit
404 2347 568 2412 hominem
595 2346 630 2411 in
653 2368 749 2411 aureo
776 2347 861 2412 lecto
889 2351 990 2412 strato
1013 2349 1163 2431 pulcher-

76 2488 80 2494 .
154 2437 237 2501 rimo
258 2435 363 2499 textili
378 2435 532 2519 stragula,
550 2435 730 2518 magnificis
745 2435 895 2517 operibus
913 2437 1011 2518 picto,
1029 2436 1163 2502 abacos·

155 2544 215 2608 que
238 2523 410 2605 compluris
434 2523 563 2587 ornavit
585 2526 718 2606 argento
742 2544 882 2605 auroque
906 2523 1039 2587 caelato.
1080 2523 1163 2589 Tum

155 2611 195 2677 ad
217 2633 361 2676 mensam
385 2611 503 2675 eximia
529 2609 634 2674 forma
660 2631 776 2692 pueros
806 2610 944 2675 delectos
967 2610 1065 2674 iussit
1089 2632 1163 2676 con-

156 2701 269 2764 sistere
296 2720 413 2781 eosque
434 2701 550 2761 nutum
576 2697 663 2761 illius
687 2697 843 2762 intuentis
872 2697 1044 2782 diligenter
1066 2699 1163 2763 mini-

157 2791 267 2851 strare.
298 2786 444 2850 Aderant
461 2789 633 2868 unguenta,
651 2806 797 2868 coronae,
815 2784 1070 2850 incendebantur
1089 2787 1163 2851 odo·

154 2895 367 2958 111,]11111111
387 2873 665 2956 conquisitissimis
687 2873 789 2955 epulis
809 2872 1049 2938 extruebantur.
1086 2873 1163 2938 For·

154 2966 287 3027 tunatus
330 2961 393 3025 sibi
433 2959 603 3024 Damocles
640 2961 817 3025 videbatur.
882 2960 921 3026 In
957 2960 1020 3025 hoc
1056 2962 1163 3026 medio

156 3054 313 3134 apparatu
338 3048 517 3134 fulgentem
545 3047 687 3132 gladium
715 3069 732 3111 1
759 3048 903 3113 lacunari
930 3051 1019 3113 saeta
1047 3050 1165 3132 equina

156 3142 267 3220 aptum
307 3136 434 3201 demitti
473 3137 586 3219 iussit,
624 3140 660 3200 ut
702 3135 902 3218 impenderet
943 3136 1033 3200 illius
1076 3136 1164 3202 beati

156 3226 341 3290 cervicibus.
398 3223 512 3308 Itaque
542 3245 602 3288 nec
633 3222 785 3305 pulchros
817 3224 891 3288 illos
923 3223 1163 3289 ministratores

156 3312 334 3394 aspiciebat
363 3333 421 3376 nec
452 3312 583 3394 plenum
620 3311 699 3375 artis
733 3315 903 3394 argentum
933 3332 993 3377 nec
1029 3333 1164 3377 manum

68 3378 75 3475 ⁸,
154 3400 343 3484 porrigebat
364 3399 400 3463 in
421 3421 580 3480 mensam,
604 3398 669 3462 iarn
692 3399 781 3481 ipsae
803 3398 987 3464 defluebant
1009 3420 1164 3484 coronae3

156 3487 291 3571 denique
310 3488 453 3552 exoravit
471 3491 660 3571 tyrannum,
682 3489 719 3550 ut
738 3486 826 3551 abire
846 3487 970 3572 liceret,
993 3487 1163 3570 quodiam
