2446 3944
550 177 790 240 -154-

167 343 237 428 regi
269 341 384 407 civitas
417 344 474 404 aut
506 339 663 405 declarari
694 339 795 403 animi
826 338 1017 423 magnitudo
1053 343 1178 423 potest.

167 429 418 513 Capessentibus
434 431 542 492 autem
556 448 625 490 rem
642 426 807 511 publicam
825 426 928 490 nihilo
947 426 1054 491 minus
1075 448 1177 510 quam

167 516 385 602 philosophis,
413 514 501 580 haud
530 514 597 579 scio
627 535 670 578 an
697 513 803 598 magis
833 513 933 578 etiam
963 518 996 578 et
1026 515 1177 600 magnifi-

167 604 274 670 centia
300 607 334 668 et
361 602 570 687 despicientia
597 601 779 666 adhibenda
805 604 855 665 est
882 622 989 665 rerum
1017 600 1177 667 humana·

167 715 253 775 rum,
281 713 378 775 quam
406 711 501 774 saepe
529 690 613 773 dico,
640 693 673 753 et
699 688 921 772 tranquillitas
946 689 1046 754 animi
1074 693 1176 774 atquc

169 779 339 863 securitas,
362 778 519 862 siquidem
541 799 601 843 nec
624 776 712 842 anxii
734 776 835 841 futuri
858 780 934 840 sunt
957 781 990 841 et
1008 799 1082 842 cum
1100 798 1176 862 gra·

115 882 149 933 73
168 868 269 932 vitate
292 866 538 949 constantiaque
560 865 685 930 victuri.
722 862 810 939 Quae
832 863 981 929 faciliora
1004 868 1080 929 sunt
1102 865 1176 949 phi-

168 953 329 1039 losophis,
348 976 412 1038 quo
431 954 536 1018 minus
555 953 661 1017 multa
678 955 792 1036 patent
809 952 844 1017 in
862 974 973 1017 eorum
992 953 1070 1035 vita,
1090 974 1175 1036 quae

168 1042 300 1108 fortuna
326 1042 436 1125 feriat,
463 1044 497 1106 et
525 1062 588 1124 quo
615 1040 721 1104 minus
745 1039 857 1104 multis
880 1041 976 1104 rebus
1000 1043 1111 1125 egent,
1141 1046 1175 1106 et

169 1131 258 1214 quia,
277 1129 305 1194 si
320 1130 397 1213 quid
415 1129 541 1193 adversi
559 1129 699 1210 eveniat,
717 1131 786 1192 tam
805 1128 948 1212 graviter
970 1129 1084 1193 cadere
1105 1150 1176 1194 non

168 1221 314 1303 possunt.
351 1216 506 1292 Quocirca
523 1237 589 1280 non
612 1216 681 1280 sine
699 1237 796 1280 causa
819 1216 957 1280 maiores
977 1220 1084 1280 motus
1104 1217 1175 1280 ani·

168 1327 295 1371 morum
328 1304 531 1370 concitantur
566 1304 752 1387 maioraque
781 1305 885 1368 strictio
914 1303 1072 1368 efficiendi
1102 1326 1175 1370 rem

168 1393 332 1478 publicam
356 1393 543 1479 gerentibus
571 1413 668 1475 quam
696 1391 827 1474 quietis,
855 1413 918 1474 quo
946 1392 1052 1477 magis
1074 1391 1115 1456 iis
1140 1396 1176 1457 et

168 1481 357 1567 magnitudo
381 1484 431 1545 est
454 1479 553 1544 animi
576 1479 757 1544 adhibenda
784 1481 817 1543 et
838 1479 984 1543 vacuitas
1007 1481 1048 1544 ab
1073 1500 1173 1564 ango·

168 1569 268 1635 ribus.
312 1567 365 1632 Ad
387 1590 456 1632 rem
478 1566 652 1653 gerendam
675 1570 783 1631 autem
807 1567 862 1650 qui
886 1567 1020 1650 accedit,
1049 1571 1173 1651 caveat,

167 1679 208 1721 ne
239 1657 274 1721 id
304 1656 400 1721 modo
433 1656 625 1738 consideret,
658 1677 755 1738 quam
786 1655 845 1718 illa
876 1677 927 1719 res
954 1656 1093 1719 honesta
1119 1655 1175 1741 sit,

74 1744 77 1749 ’
170 1744 343 1808 sedetiam
365 1747 403 1807 ut
420 1743 540 1808 habeat
559 1743 716 1808 efficiendi
733 1741 937 1826 facultatem,
958 1743 993 1807 in
1012 1764 1075 1826 quo
1099 1743 1174 1827 ipso

169 1830 435 1897 considerandum
463 1834 525 1913 est,
554 1851 595 1894 ne
625 1834 684 1894 aut
709 1833 831 1894 temere
859 1831 1006 1914 desperet
1037 1834 1174 1916 propter

168 1918 333 2004 ignaviam
357 1921 413 1982 aut
434 1918 531 1981 nimis
554 1918 695 1982 confidat
716 1921 850 2002 propter
872 1919 1092 2002 cupiditatem.
1133 1917 1175 1983 In

169 2005 318 2071 omnibus
342 2009 450 2070 autem
472 2005 626 2090 negotiis,
648 2005 737 2088 prius
762 2027 859 2089 quam
882 2005 1087 2092 adgrediare,
1116 2006 1173 2071 ad·

170 2093 311 2158 hibenda
334 2098 384 2157 est
406 2092 612 2177 praeparatio
637 2093 783 2178 diligens,

117 2157 159 2222 22
236 2179 298 2246 Sed
320 2203 393 2245 cum
415 2181 559 2265 plerique
583 2180 780 2244 arbitrentur
804 2202 854 2244 res
874 2181 1008 2245 bellicas
1031 2182 1173 2247 maiores

117 2235 151 2285 74
170 2289 240 2334 esse
263 2290 361 2352 quam
383 2269 539 2352 urbanas,
562 2267 734 2332 minuenda
757 2272 807 2332 cst
824 2268 904 2333 haec
923 2269 1042 2353 opinio.
1073 2268 1173 2335 Multi

170 2356 255 2421 enim
277 2357 366 2421 bella
389 2377 483 2440 saepe
506 2356 734 2440 quaesiverunt
751 2360 885 2440 propter
908 2356 1032 2440 gloriae
1051 2356 1173 2440 cupidi-

169 2447 285 2527 tatem,
304 2447 402 2528 atqne
419 2443 453 2507 id
470 2443 504 2507 in
523 2444 650 2529 magnis
673 2444 789 2508 animis
812 2444 1013 2529 ingeniisque
1032 2445 1173 2527 plerum-

171 2553 232 2615 que
250 2532 423 2616 contingit,
447 2552 547 2614 eoque
566 2532 684 2616 magis,
708 2531 736 2596 si
754 2535 830 2596 sunt
849 2531 976 2596 adrem
995 2533 1173 2597 militarem

170 2619 240 2703 apti
266 2623 299 2683 ct
326 2619 432 2702 cupidi
459 2619 619 2683 bellorum
649 2620 876 2705 gerendorum3
903 2641 978 2684 verc
1006 2623 1116 2685 autem
1144 2621 1174 2686 si

169 2708 319 2772 volumus
342 2707 497 2790 iudicare,
520 2708 642 2772 multae
665 2728 717 2771 res
741 2706 917 2771 extiterunt
940 2708 1083 2772 urbanae
1106 2730 1173 2773 ma·

117 2794 253 2860 stiores
277 2794 492 2877 clarioresque
516 2817 613 2878 quam
635 2795 779 2859 bellicae.
817 2794 970 2870 Quamvis
990 2796 1076 2860 enim
1090 2795 1173 2861 The·

169 2883 334 2948 mistocles
356 2883 425 2947 iure
448 2882 598 2947 laudetur
620 2886 653 2947 et
677 2883 720 2946 sit
743 2883 810 2946 eius
829 2905 947 2947 nomen
970 2905 1068 2967 quam
1083 2881 1172 2948 Solo·

168 2972 219 3035 nis
251 2971 420 3036 inlustrius
453 2970 632 3055 citcturque
665 2967 803 3035 Salamis
840 2971 1040 3036 clarissimae
1076 2972 1173 3037 testis

168 3059 339 3142 victoriae,
367 3080 448 3142 quae
479 3061 695 3142 anteponatur
722 3057 857 3122 consilio
880 3056 1008 3123 Solonis
1036 3060 1080 3143 ei,
1108 3082 1173 3143 quo

168 3147 309 3229 primum
328 3146 498 3211 constituit
518 3145 743 3231 Ariopagitas,
760 3167 827 3211 non
845 3147 950 3210 minus
969 3149 1173 3231 praeclarum

169 3232 231 3299 hoo
254 3254 351 3316 quam
369 3233 451 3298 illud
468 3233 673 3298 iudicandum
692 3237 755 3316 est3
776 3232 858 3298 illud
877 3234 963 3299 enirn
982 3236 1081 3300 semel
1099 3257 1174 3319 pro·

168 3319 244 3403 fuit,
276 3320 338 3385 hoc
360 3325 486 3406 semper
512 3321 657 3406 proderit
680 3321 817 3404 civitati3
840 3321 901 3387 hoc
925 3323 1059 3388 consilio
1082 3324 1174 3408 leges

169 3406 430 3492 Atheniensium,
461 3408 524 3474 hoc
555 3409 715 3474 maiorum
745 3408 898 3475 instituta
924 3414 1109 3494 servantum
1141 3415 1175 3476 et

169 3493 403 3561 Themistocles
427 3495 556 3580 quidem
578 3496 661 3562 nihil
684 3494 814 3582 dixerit,
835 3498 871 3562 in
893 3519 957 3582 quo
979 3498 1050 3583 ipse
1073 3497 1174 3564 Areo·
