2446 3944
472 205 846 291 --311-x

93 389 138 451 pu
116 368 174 430 uat
154 368 222 449 ata,
255 365 360 430 multa
383 364 482 430 etiam
508 365 710 430 brevitert
677 368 710 430 et
737 365 904 431 commode
927 365 1013 432 dicta
1035 391 1101 434 me-

93 453 216 518 moriae
249 452 444 517 mandabam
470 452 612 536 fierique
631 453 802 518 studebam
832 454 899 520 eius
927 455 1099 540 prudentia

95 541 228 606 doct't.10r
273 538 343 616 Quo
375 544 503 605 mortuo
535 562 586 605 me
619 541 660 605 ad
692 541 879 642 pontificem
911 540 1099 610 Scaevolam

94 651 153 694 oon
155 629 229 712 tuli,
262 650 357 712 quem
388 650 488 710 unum
518 631 650 693 nostrae
682 629 824 695 civitatis
852 630 921 694 ιι
912 632 1042 717 ingenio
1066 636 1099 696 ιι

79 717 143 782 ·ius
145 716 220 780 titia
246 716 563 807 praestantissimum
594 716 695 782 audeo
724 717 837 806 dicere.
882 715 944 782 Sed
971 719 1010 784 de
1037 719 1099 785 hoc

94 805 191 886 alias,
211 825 296 869 nunc
319 805 414 869 redeo
438 804 479 869 ad
501 802 665 890 augurem.

162 890 244 956 Cum
261 913 356 1043 saepe
374 893 580 976 multatum
598 892 731 956 memini
721 890 864 956 ''domi
854 914 889 956 ιιι
907 892 1097 978 hemicyclio
1116 903 1134 952 2

95 979 207 1043 sedent
193 982 268 1063 tem,
289 982 327 1044 ut
350 981 486 1065 solebat,
509 1002 582 1045 oum
605 983 638 1043 et
660 1000 721 1065 ego
745 1000 849 1044 essem
867 1001 932 1045 una
948 984 981 1045 ιι
1003 983 1098 1067 pauci

95 1067 268 1132 admodum
285 1067 471 1151 familiares,
493 1067 528 1131 in
546 1089 619 1132 eum
640 1089 820 1132 sermonem
838 1068 932 1132 illum
949 1068 1099 1153 incidere,

95 1155 151 1239 qui
181 1158 253 1219 tum
282 1154 369 1220 forte
400 1155 512 1220 multis
545 1155 676 1220 eratin
703 1177 767 1221 ore.
811 1155 990 1220 Meministi
1012 1157 1098 1222 enim

93 1242 257 1327 profecto,
280 1241 404 1328 Attice,
432 1246 465 1308 ιι
488 1265 525 1308 ιο
549 1243 668 1328 magis,
701 1242 786 1327 quod
806 1242 842 1308 P.
865 1241 1008 1328 Sulpicio
1030 1248 1098 1309 ιιιι-

93 1330 172 1395 bare
204 1331 357 1415 multum,
391 1353 463 1396 cum
490 1331 519 1395 is
550 1331 700 1395 tribunus
732 1332 776 1415 pl.
808 1331 941 1417 capitali
973 1332 1046 1397 odio
1079 1355 1099 1397 a

94 1417 130 1495 Q.
153 1417 318 1503 Pompeio,
341 1419 490 1502 quitum
513 1421 583 1484 erat
605 1419 732 1502 consul,
754 1418 936 1502 dissideret,
960 1441 1098 1503 quocum

94 1505 356 1571 coniunctissime
383 1509 416 1571 ιι
443 1506 664 1571 amantissime
693 1506 832 1590 vixerat,
864 1510 986 1590 quanta
1013 1511 1098 1572 esset

93 1594 261 1659 hominum
283 1595 336 1659 vel
356 1594 527 1658 admiratio
541 1594 593 1659 vel
609 1594 761 1677 querella.
792 1594 907 1678 Itaque
920 1599 991 1659 tum
1006 1593 1096 1661 Scae·
1115 1604 1133 1654 ι

93 1682 169 1747 vola
187 1703 260 1746 ιιιιιι
273 1682 309 1746 ιιι
326 1703 398 1746 eam
416 1682 522 1766 ipsam
540 1682 737 1746 mentionem
753 1681 927 1767 incidisset,
950 1684 1098 1768 exposuit

92 1768 187 1834 nobis
218 1790 398 1834 sermonem
421 1769 513 1834 Laeli
547 1769 586 1833 de
618 1769 761 1834 amicitia
787 1769 937 1834 habitum
970 1770 1011 1835 ab
1038 1771 1097 1836 illo

94 1879 202 1921 secum
234 1859 267 1920 ιι
300 1878 373 1922 cum
401 1858 504 1922 altero
535 1876 663 1942 genero,
693 1855 728 1922 G
750 1856 874 1922 Fannio
897 1857 999 1923 Marci
1020 1859 1098 1943 filio,

94 1944 206 2044 paucis
229 1944 340 2009 diebus
363 1949 439 2030 post
462 1949 601 2010 mortem
623 1943 777 2010 Africani.
806 1944 886 2009 Eius
907 1945 1062 2031 disputat
1053 1967 1122 2011 ιι,

80 2031 145 2096 nis
170 2033 346 2097 sententias
369 2032 543 2098 memoriae
566 2032 739 2135 mandavi,
749 2054 828 2117 quas
851 2033 915 2098 hoc
937 2033 1022 2098 libro
1047 2055 1099 2098 ex·

93 2120 188 2204 posui
211 2119 373 2236 arbitratu
395 2143 482 2186 meo·
475 2121 599 2205 ,quasi
621 2121 707 2185 enim
729 2120 818 2205 ipsos
836 2120 947 2186 induxi
965 2122 1098 2205 loquen-

93 2211 153 2291 tes,
175 2229 216 2272 ne
241 2207 417 2292 inquam'
441 2212 473 2273 ιι
503 2208 654 2293 inquit'
678 2209 806 2294 saepius
828 2209 1098 2294 interponeretur,

93 2299 192 2378 atque
214 2299 252 2359 ut
277 2298 445 2380 tamquam
473 2319 493 2362 a
519 2297 744 2382 praesentibus
773 2319 882 2362 coram
908 2297 1022 2362 haberi
1050 2297 1098 2363 vi-

94 2383 232 2447 deretur.

160 2469 243 2535 Cum
274 2470 359 2535 enim
387 2492 482 2557 saepe
509 2493 635 2537 mecum
662 2493 788 2557 ageres,
810 2474 856 2536 ἰιι
888 2471 927 2536 de
954 2472 1134 2537 amicitia4

94 2558 269 2623 scriberem
292 2559 422 2642 aliquid,
445 2559 544 2644 digna
564 2559 645 2623 mihi
667 2581 718 2623 res
737 2581 810 2622 cum
827 2559 972 2623 omnium
990 2560 1098 2644 cogni-

93 2646 192 2729 tione,
215 2649 286 2710 tum
307 2651 421 2711 nostra
442 2646 666 2711 familiaritate
693 2646 764 2710 visa
790 2650 849 2710 est.
894 2645 1009 2729 Itaque
1035 2646 1098 2711 feci

93 2755 161 2798 non
181 2734 313 2818 invitus,
336 2738 373 2799 ut
395 2734 584 2819 prodessem
607 2733 718 2797 multis
741 2737 860 2819 rogatu
878 2737 944 2798 tuo.
976 2731 1039 2797 Sed
1060 2737 1097 2797 ut

93 2821 129 2884 in
159 2820 281 2886 Catone
303 2822 440 2905 Maiore,
472 2822 527 2905 qui
554 2825 604 2885 est
631 2821 770 2905 scriptus
798 2821 838 2885 ad
865 2825 898 2885 te
926 2821 964 2884 de
992 2842 1098 2885 senec·

93 2912 178 2992 tute,
207 2908 364 2974 Catonem
383 2909 495 2974 induxi
518 2931 627 2974 senem
650 2909 883 2993 disputantem,
907 2909 984 2992 quia
1006 2909 1098 2973 nulla

93 2997 265 3062 videbatur
288 2997 396 3083 aptior
419 3019 566 3082 persona,
589 3019 671 3081 quae
694 2997 732 3061 de
750 2997 810 3061 illa
828 3000 935 3062 aetate
953 2997 1098 3080 loquere·

93 3088 161 3168 tur,
185 3107 284 3168 quam
307 3087 388 3169 eius,
412 3085 467 3170 qui
490 3089 523 3150 et
547 3085 727 3149 diutissime
750 3106 846 3149 senex
867 3084 984 3149 fuisset
1007 3088 1039 3148 et
1063 3084 1098 3149 in

93 3172 166 3273 ipsa
189 3177 353 3238 senectute
375 3177 468 3259 praet
470 3195 504 3237 er
527 3177 577 3237 cet
579 3195 650 3238 eros
673 3173 846 3256 floruisset,
869 3173 928 3257 sic,
953 3195 1025 3238 cum
1049 3195 1098 3238 ac-

93 3259 289 3345 cepissemus
315 3284 335 3326 a
357 3262 505 3346 patribus
529 3261 667 3325 maxime
690 3261 934 3325 memorabilem
953 3260 986 3326 0
1006 3261 1097 3325 Laeli

93 3350 127 3411 et
162 3347 198 3413 Ρ
228 3346 398 3450 Scipionis
422 3349 628 3413 familiaritat
614 3352 680 3412 tem
716 3348 831 3433 fuisse,
866 3349 982 3413 idonea
1017 3349 1099 3414 mihi

91 3433 184 3500 Laeli
206 3458 346 3521 persona
367 3437 439 3501 visa
461 3440 527 3521 est,
555 3458 638 3520 quae
661 3435 699 3501 de
723 3399 865 3501 amiciiia
888 3458 926 3501 ea
945 3458 1019 3521 1psa

92 3528 229 3608 sereret,
263 3546 344 3608 quae
375 3524 483 3610 disput
485 3528 539 3590 ata
570 3524 611 3589 ab
640 3545 677 3589 ιο
706 3524 906 3590 meminisset
933 3432 1164 3715 Scae?
