2446 3944
466 185 707 249 -471-

83 367 146 429 que
168 345 351 428 praeclaras
373 342 499 408 Latinis
522 344 621 408 etiam
643 343 762 408 litteris
785 343 956 428 contineri3
986 364 1086 425 eoque
1105 353 1124 403 8

84 455 135 496 me
164 432 269 496 minus
299 432 443 497 instituti
470 432 534 496 mei
556 432 714 516 paenitet,
742 431 828 516 quod
853 431 949 497 facile
973 431 1087 514 sentio,

84 542 181 603 quam
210 521 387 584 multorum
413 541 480 584 non
506 520 602 585 modo
626 519 779 603 discendi,
807 519 984 584 sedetiam
1012 518 1087 583 scri·

84 606 181 671 bendi
209 607 316 671 studia
343 607 580 672 commoverim.
626 605 816 691 Complures
846 607 932 672 enim
955 606 1086 672 Graecis

84 695 343 759 institutionibus
370 694 488 759 eruditi
517 717 568 779 ea,
591 716 673 779 quae
701 694 889 777 didicerant,
918 717 991 760 cum
1013 694 1088 760 civi-

84 783 145 847 bus
173 783 240 847 suis
268 783 503 849 communicare
529 804 595 847 non
616 786 780 866 poterant,
804 782 889 866 quod
911 782 982 866 illa,
1006 803 1088 866 quac

85 893 105 934 a
133 869 263 935 Graecis
293 871 504 955 accepissent,
535 869 651 936 Latine
678 870 741 952 dici
770 890 866 953 posse
898 869 1088 934 diffiderent.

84 957 154 1033 Quo
178 958 213 1022 in
235 980 352 1044 genere
374 962 503 1023 tantum
525 957 700 1043 profecisse
718 958 872 1042 videmur,
894 961 931 1023 ut
954 981 974 1022 a
992 957 1089 1023 Grae·

85 1046 130 1110 cis
158 1064 198 1110 ne
226 1046 398 1111 verborum
425 1046 554 1130 quidem
581 1045 674 1130 copia
695 1045 903 1111 vinceremur.
947 1044 1123 1110 Hortataa

85 1134 184 1198 etiam
208 1137 267 1218 est,
288 1137 326 1198 ut
348 1156 399 1198 me
423 1134 565 1199 adhaec
588 1133 775 1218 conferrem,
798 1133 897 1198 animi
920 1132 1088 1218 aegritudo

84 1222 234 1286 fortunae
264 1243 384 1307 magna
406 1225 439 1286 et
469 1221 562 1307 gravi
590 1225 753 1286 commota
780 1220 912 1303 iniuria3
941 1220 1030 1285 cuius
1061 1221 1089 1285 si

84 1310 241 1374 maiorem
264 1309 408 1392 aliquam
430 1309 625 1375 levationem
646 1309 787 1393 reperire
800 1309 1001 1393 potuissem,
1023 1329 1089 1373 non

86 1397 126 1460 ad
149 1397 232 1463 hanc
255 1397 462 1481 potissimum
485 1397 716 1482 confugissem3
744 1418 782 1462 ea
803 1418 880 1461 vero
903 1396 976 1481 ipsa
997 1397 1089 1461 nulla

85 1484 211 1548 ratione
234 1485 349 1549 melius
371 1485 437 1549 frui
458 1485 564 1569 potui,
592 1507 690 1569 quam
713 1484 742 1548 si
763 1506 814 1549 me
840 1506 907 1549 non
928 1484 1024 1548 modo
1048 1484 1089 1548 ad

86 1571 240 1657 legendos
272 1572 387 1656 libros,
418 1573 475 1637 sed
508 1573 607 1637 etiam
639 1573 681 1637 ad
711 1575 816 1637 totam
847 1571 1090 1657 philosophiam

85 1660 347 1743 pertractandam
379 1659 544 1725 dedissem.
590 1659 708 1725 Omnes
741 1663 850 1724 autem
879 1660 947 1724 eius
978 1663 1089 1743 partes

86 1752 183 1831 atque
211 1748 320 1812 omnia
345 1749 491 1812 membra
517 1752 587 1813 tum
613 1748 778 1813 facillume
799 1751 989 1832 noscuntur,
1017 1770 1090 1813 cum
1127 1788 1129 1793 ·

85 1838 175 1900 totae
199 1835 403 1918 quaestiones
427 1835 594 1901 scribendo
618 1836 832 1921 explicantur3
855 1839 906 1900 est
928 1836 1014 1900 enim
1037 1834 1090 1900 ad·

86 1922 246 1987 mirabilis
266 1924 422 2007 quaedam
437 1924 637 1989 continuatio
656 1924 817 2008 seriesque
835 1945 951 2008 rerum,
969 1927 1006 1987 ut
1024 1923 1090 1988 alia

87 2032 125 2074 ex
152 2011 217 2076 alia
243 2033 327 2076 nexa
354 2015 387 2076 et
414 2033 524 2077 omnes
551 2012 637 2076 inter
662 2032 696 2076 se
724 2014 820 2096 aptae
843 2012 1089 2097 conligataeque

1107 2066 1129 2131 5

85 2099 263 2164 videantur.
287 2164 289 2168 ,
309 2098 370 2174 Qui
397 2103 506 2165 autem
528 2100 709 2184 requirunt,
737 2099 814 2184 quid
844 2120 970 2184 quaque
993 2100 1031 2164 de
1054 2121 1144 2192 re10

85 2186 149 2271 ipsi
172 2187 358 2272 sentiamus,
381 2188 537 2253 curiosius
555 2188 588 2251 id
605 2188 738 2272 faciunt,
761 2210 858 2271 quam
876 2208 1005 2253 necesse
1023 2191 1089 2271 est3

84 2275 260 2339 nonenim
285 2279 355 2340 tam
378 2280 525 2342 auctores
548 2276 583 2339 in
610 2275 804 2360 disputando
828 2298 926 2359 quam
952 2274 1089 2340 rationis

86 2367 250 2428 momenta
273 2363 455 2447 quaerenda
476 2366 561 2427 sunt.
606 2362 812 2438 Quinetiam
835 2364 928 2427 obest
950 2363 1089 2446 plerum·

87 2472 147 2533 que
169 2451 224 2535 iis,
252 2452 307 2535 qui
330 2451 450 2515 discere
472 2451 600 2532 volunt,
628 2450 805 2515 auctoritas
829 2471 952 2532 eorum,
976 2449 1032 2533 qui
1054 2470 1089 2512 se

86 2537 199 2604 docere
225 2539 433 2622 profitentur;
460 2537 609 2601 desinunt
633 2537 717 2601 enim
745 2558 838 2600 suum
860 2536 1012 2600 iudicium
1036 2535 1089 2601 ad·

86 2625 210 2708 hibere,
233 2625 267 2689 id
288 2625 410 2689 habent
433 2628 554 2708 ratum,
578 2623 664 2707 quod
686 2624 727 2688 ab
751 2644 798 2707 eo,
822 2645 917 2706 quem
939 2623 1089 2707 probant,

85 2713 263 2778 iudicatum
292 2713 411 2777 vident.
455 2712 524 2776 Nec
553 2734 629 2776 vero
656 2712 795 2795 probare
818 2711 907 2775 soleo
930 2710 976 2793 id,
1004 2709 1090 2793 quod

86 2800 125 2865 de
148 2800 363 2885 Pythagoreis
387 2800 580 2884 accepimus,
604 2821 684 2883 quos
706 2800 824 2882 ferunt,
847 2797 875 2862 si
898 2796 975 2881 quid
997 2797 1090 2862 adfir-

86 2891 214 2952 marent
236 2888 270 2951 in
293 2887 496 2972 disputand0,
518 2909 591 2953 cum
614 2886 722 2951 exeis
746 2890 962 2970 quaereretur,
991 2906 1090 2969 quare

85 2974 134 3040 ita
165 2978 264 3058 esset,
294 2975 487 3059 respondere
519 2975 648 3039 solitos:
681 2973 782 3058 ‘Ipse
815 2971 937 3038 dixit'.
983 2972 1089 3057 ‘Ipse'

86 3066 196 3128 autem
219 3065 288 3127 erat
310 3063 524 3148 Pythagoras.
569 3062 710 3127 Tantum
739 3061 848 3146 opinio
870 3059 1091 3145 praeiudicata

85 3155 225 3237 poterat,
246 3154 285 3214 ut
307 3151 406 3216 etiam
425 3151 493 3215 sine
515 3150 642 3215 ratione
660 3151 784 3216 valeret
808 3148 994 3215 auctoritas.
1028 3147 1141 3223 Quin

86 3243 195 3304 autem
224 3239 425 3305 admirantur
453 3260 512 3303 nos
541 3239 626 3304 hanc
652 3237 859 3323 potissimum
886 3236 1091 3322 disciplinam

86 3332 227 3411 secutos,
254 3327 295 3390 iis
323 3330 477 3412 quattuor
503 3326 703 3392 Academicis
733 3326 826 3390 libris
857 3325 937 3391 satis
960 3345 1056 3410 respo

85 3438 157 3481 sum
179 3415 314 3481 videtur.
355 3412 424 3480 Nec
445 3435 522 3479 vero
546 3414 745 3478 desertarum
772 3413 1021 3497 relictarumque

84 3526 157 3569 rum
179 3502 396 3590 patrocinium
420 3502 632 3588 suscepimus;
658 3522 725 3566 non
747 3501 832 3566 enim
854 3501 1023 3567 hominum
