2446 3944
544 219 584 230 -
632 183 783 248 254-

157 345 186 409 si
199 343 338 429 speciem
357 342 513 407 utilitatis
530 340 777 427 opinionemque
796 343 990 427 quaerimus,
1009 365 1168 430 magnum

145 431 238 497 illud
256 431 379 496 bellum
397 429 535 516 perfuga
552 451 635 494 unus
655 433 688 494 et
706 451 840 515 gravem
863 430 1084 495 adversarium
1106 432 1169 500 im·

156 519 239 604 perii
270 518 470 601 sustulisset,
502 517 558 582 sed
587 539 743 604 magnum
770 518 904 583 dedecus
933 522 966 583 et
992 519 1168 605 flagitium,

157 607 285 691 quicum
307 606 412 672 laudis
436 609 600 671 esttamen
620 605 745 689 fuisset,
771 627 843 670 eum
865 628 932 671 non
954 606 1085 692 virtute,
1109 610 1168 674 sed

103 711 137 761 8⁷
158 695 276 760 scelere
300 697 495 778 superatum.
531 692 652 758 Utrum
674 693 776 778 igitur
798 694 911 758 utilius
935 695 986 759 vel
1005 694 1167 782 Fabricio,

158 783 213 867 qui
234 782 311 847 talis
334 783 369 846 in
390 782 452 846 hac
474 780 568 864 urbe,
598 781 703 865 qualis
727 780 888 846 Aristides
912 781 1064 867 Athenis,
1091 784 1166 869 fuit,

156 870 208 936 vel
233 870 359 934 senatui
381 873 507 952 nostro,
537 869 593 953 qui
615 890 793 953 numquam
816 869 995 934 utilitatem
1019 894 1039 935 a
1061 871 1167 958 digni-

156 962 225 1023 tate
253 957 404 1041 seiunxit,
438 957 536 1022 1111111
564 978 636 1021 oum
664 957 759 1022 hoste
787 961 911 1022 certare
940 980 982 1022 111
1009 960 1166 1026 venenis?

156 1044 191 1110 Si
223 1045 346 1131 gloriae
379 1066 476 1110 eausa
506 1044 678 1129 imperium
710 1045 926 1129 expetundum
959 1050 1021 1130 est,
1059 1049 1165 1112 scelus

157 1133 256 1216 absit,
283 1134 318 1196 in
341 1155 404 1216 quo
426 1153 492 1197 non
514 1135 624 1216 potest
647 1153 717 1197 esse
740 1133 860 1218 gloria,
888 1133 939 1197 sin
966 1134 1057 1218 ipsae
1084 1157 1164 1219 opes

156 1224 350 1306 expetuntur
377 1241 505 1304 quoquo
541 1220 649 1304 modo,
680 1241 747 1285 non
777 1225 931 1305 poterunt
962 1222 1059 1287 utiles
1093 1245 1166 1289 esse

156 1331 229 1374 cum
250 1307 394 1373 infamia.
438 1307 514 1372 Non
536 1308 638 1392 igitur
659 1309 750 1373 utilis
773 1310 834 1374 illa
855 1310 889 1374 L.
912 1309 1058 1394 Philippi
1081 1309 1117 1386 Q.
1140 1311 1165 1377 f.

157 1398 330 1480 sententia,
358 1417 438 1481 quas
465 1395 613 1460 civitates
636 1395 671 1460 L.
695 1394 787 1461 Sulla
809 1397 945 1481 pecunia
968 1402 1101 1483 accepta
1123 1421 1165 1465 ex

156 1488 287 1550 senatus
310 1485 459 1550 consulto
482 1483 695 1568 liberavisset,
718 1488 756 1549 ut
779 1507 835 1550 eae
853 1507 965 1550 rursus
984 1486 1163 1572 vectigales

156 1577 264 1638 essent
285 1593 389 1655 neque
411 1572 452 1635 iis
478 1572 663 1656 pecuniam,
692 1594 788 1656 quam
811 1595 871 1657 pro
894 1573 1047 1638 libertate
1071 1574 1164 1641 dede-

155 1665 243 1762 rant,
262 1660 487 1761 ⁸redderemus.
531 1658 591 1760 ni·
605 1663 735 1761 senatus
768 1664 818 1725 est
851 1682 1010 1726 assensus.
1055 1663 1164 1748 Turpe

155 1749 770 1921 11111111111111
796 1748 1164 1921 tttlltfflctttt

102 1923 260 1989 88111111
292 1923 462 2007 quiequam
490 1922 583 2007 utile,
615 1924 701 2007 quod
732 1945 798 1989 non
824 1924 1019 1990 honestum?
1050 1931 1164 2010 potest

36 2020 39 2024 ’
155 2015 264 2077 autem
286 2010 346 2075 ulli
367 2010 513 2094 imperio,
536 2011 622 2095 quod
645 2011 751 2096 gloria
774 2011 869 2076 debet
890 2012 1011 2076 fultum
1034 2035 1104 2077 esse
1128 2021 1164 2080 et

154 2098 373 2165 benivolentia
399 2098 573 2182 sociorum,
600 2099 682 2164 utile
709 2121 779 2165 esse
807 2099 915 2164 odium
942 2103 975 2163 et
1001 2099 1162 2166 infamia?

153 2188 226 2272 Ego
260 2186 357 2251 etiam
390 2208 463 2252 oum
494 2184 619 2252 Catone
651 2209 722 2252 meo
755 2208 849 2271 saepe
881 2186 1030 2271 dissensi,
1060 2187 1162 2254 nimis

154 2274 236 2339 mibi
261 2273 441 2359 praefracte
468 2273 639 2339 videbatur
664 2275 823 2342 aerarium
848 2275 1085 2360 vectigaliaque
1109 2278 1162 2343 de-

153 2363 296 2446 fendere,
324 2362 432 2428 omnia
454 2362 635 2447 publicanis
658 2384 791 2449 negare,
816 2363 922 2428 multa
949 2364 1058 2449 sociis,
1087 2387 1160 2431 eum

153 2451 188 2515 in
209 2451 270 2515 hos
292 2450 429 2516 benefici
456 2472 525 2515 esse
553 2451 756 2535 1111111111,
785 2473 857 2518 oum
884 2450 951 2515 illis
980 2452 1026 2517 sio
1053 2475 1160 2539 agere,

153 2541 191 2603 ut
213 2559 286 2604 oum
308 2538 431 2605 colonis
453 2538 575 2604 nostris
599 2539 784 2623 soleremus,
807 2560 909 2623 eoque
931 2539 1051 2625 magis,
1074 2543 1161 2625 quod

153 2626 213 2691 illa
239 2626 386 2691 ordinum
415 2626 596 2692 coniunctio
624 2626 666 2691 ad
688 2627 827 2692 salutem
850 2626 1067 2712 reipublicae
1090 2651 1162 2713 per-

154 2714 288 2779 tinebat.
332 2714 419 2779 Male
444 2713 543 2779 etiam
566 2713 677 2797 Curio,
705 2736 778 2779 cum
805 2736 937 2780 causam
960 2715 1161 2800 Transpada-

152 2824 270 2868 norum
292 2824 428 2886 aequam
451 2823 521 2866 esse
548 2801 689 2886 dicebat,
718 2823 844 2886 semper
872 2806 979 2868 autem
1008 2804 1160 2869 addebat:

154 2889 311 2955 ‘Vincat
333 2890 504 2955 utilitas!
511 2887 521 2917 '
557 2889 671 2955 Potius
695 2889 823 2954 doceret
840 2912 907 2956 non
925 2912 995 2956 esse
1013 2913 1160 2976 aequam,

154 2978 317 3063 quianon
340 2982 425 3042 11111
447 2977 539 3042 utilis
561 2977 609 3041 rei
631 2977 795 3062 publicae,
820 3001 926 3064 quam,
949 3000 1022 3043 cum
1044 2980 1161 3044 utilem

97 3127 120 3190 2
151 3087 218 3131 non
242 3087 311 3130 esse
335 3066 463 3150 diceret,
486 3086 557 3130 esse
574 3087 717 3166 ,aequam
739 3065 906 3166 fateretur.
998 3153 1006 3169 ο
1095 3155 1101 3168 ¹

97 3130 143 3256 δὲ
218 3152 338 3218 Plenus
361 3157 411 3218 est
430 3157 539 3218 sextus
558 3153 641 3218 bber
660 3154 699 3218 de
718 3153 832 3219 officns
846 3153 1024 3219 Hecatoms
1042 3156 1160 3221 tabum

153 3241 391 3324 quaestionum:
421 3239 517 3306 ς111111
540 3241 618 3307 boni
640 3241 702 3307 viri
724 3241 759 3306 in
781 3242 922 3306 maxima
945 3243 1082 3308 caritate
1106 3266 1160 3308 an-

151 3349 256 3392 nonae
269 3327 428 3394 familiam
441 3351 507 3395 non
522 3327 628 3395 alere'.
658 3327 698 3394 In
715 3333 886 3413 utramque
904 3335 1032 3415 partem
1052 3331 1160 3416 dispu-

152 3419 215 3499 tat,
238 3415 294 3480 sed
317 3420 426 3481 tamen
449 3417 490 3484 ad
513 3421 692 3483 extremum
715 3417 872 3502 utilitate,
899 3422 937 3482 ut
958 3422 1067 3502 putat,
1092 3419 1161 3484 offi-

67 3530 105 3703 ,
151 3503 237 3569 cium
260 3504 379 3590 derigit
400 3505 507 3592 magis
530 3528 628 3591 quam
650 3506 862 3572 humanitate.
898 3504 1050 3592 Quaerit,
1074 3506 1161 3573 siin
