2446 3944
529 237 572 247 -
617 200 769 266 394-

145 383 299 444 umquam
325 382 366 425 ne
393 360 583 445 ingemescit
606 359 734 443 quidem
756 359 805 424 vir
831 359 926 424 fortis
951 383 987 425 ac
1011 361 1155 446 sapiens,

144 449 210 513 nisi
237 449 319 513 forte
346 451 383 512 ut
409 471 442 512 se
470 448 616 512 intendat
638 447 678 511 ad
701 449 900 531 firmitatem,
930 451 967 511 ut
989 449 1023 512 in
1046 449 1154 513 stadio

146 558 291 602 cursores
319 537 511 619 exclamant,
538 557 634 618 quam
661 535 799 599 maxime
824 539 968 618 possunt.
1013 535 1154 601 Faciunt

145 625 244 706 idem,
274 645 346 687 cum
373 627 572 707 exercentur,
601 621 756 707 athletae,
783 623 908 706 pugiles
936 645 1026 700 vero,
1054 625 1154 688 etiam

146 733 218 775 cum
244 710 364 775 feriunt
393 711 623 789 adversarium,
655 710 690 774 in
720 711 877 775 iactandis
910 712 1071 775 caestibus
1104 713 1153 775 in-

146 803 349 882 gemescunt,
380 821 445 864 non
479 799 564 882 quod
592 797 721 862 doleant
753 797 900 863 animove
933 798 1154 881 succumbant,

146 887 201 951 sed
233 886 308 970 quia
339 885 560 969 profundenda
591 907 668 950 voce
701 907 794 950 omne
826 908 941 969 corpus
973 887 1154 950 intenditur

144 974 296 1058 venitque
318 974 418 1058 plaga
440 973 668 1038 vehementior.

93 1057 137 1120 24
213 1060 318 1137 Quid?
354 1062 411 1145 qui
445 1061 557 1126 volunt
593 1061 771 1125 exclamare
807 1061 925 1143 maius,
956 1083 1035 1125 num
1071 1062 1154 1127 satis

144 1148 268 1213 habent
298 1149 413 1232 latera,
444 1148 567 1232 fauces,
600 1148 745 1232 linguam
777 1149 954 1231 intendere,
987 1171 1004 1212 e
1036 1150 1153 1233 quibus

146 1237 206 1300 eici
236 1258 348 1301 vocem
379 1239 412 1300 et
441 1235 532 1300 fundi
563 1235 731 1300 videmus?
784 1236 867 1301 Toto
895 1257 1028 1319 corpore
1057 1241 1154 1321 atque

146 1324 294 1389 omnibus
317 1323 459 1407 ungulis,
486 1326 524 1388 ut
546 1323 676 1407 dicitur,
703 1323 902 1388 contentioni
929 1325 1017 1388 vocis
1045 1325 1155 1389 adser-

93 1431 126 1480 57
145 1411 245 1475 viunt.
291 1410 381 1475 Genu
403 1410 583 1475 mehercule
606 1411 649 1475 M.
672 1411 851 1475 Antonium
874 1411 954 1495 vidi,
981 1433 1054 1475 cum
1078 1434 1153 1477 con-

145 1502 234 1562 tente
259 1520 318 1582 pro
341 1520 375 1562 se
398 1499 467 1581 ipse
489 1500 561 1583 lege
583 1498 684 1563 Varia
706 1498 838 1582 diceret,
864 1502 987 1562 terram
1009 1505 1154 1585 tangere.

145 1585 192 1651 Ut
209 1587 294 1649 enim
315 1586 450 1650 balistae
473 1586 619 1669 lapidum
637 1590 670 1650 et
688 1585 812 1670 reliqua
829 1590 992 1651 tormenta
1010 1588 1153 1652 telorum

145 1694 182 1737 eo
210 1674 374 1758 graviores
405 1674 593 1738 emissiones
626 1673 761 1756 habent,
799 1694 861 1757 quo
894 1678 969 1738 sunt
1001 1678 1155 1741 contenta

146 1765 242 1844 atque
271 1761 406 1825 adducta
434 1761 667 1844 vehementius,
695 1761 740 1824 sic
767 1783 842 1845 vox,
873 1761 920 1825 sic
948 1784 1076 1845 cursus,
1107 1764 1154 1827 sic

145 1848 243 1932 plaga
268 1847 331 1912 hoo
359 1849 501 1932 gravior,
528 1869 591 1932 quo
619 1851 669 1912 est
696 1849 795 1912 missa
817 1850 1006 1914 contentius.
1053 1847 1154 1916 Cuius

145 1935 361 2000 contentionis
392 1957 464 1999 cum
490 1939 584 1999 tanta
610 1935 660 2000 vis
689 1937 745 2019 sit,
773 1937 801 1999 si
824 1938 962 2021 gemitus
984 1937 1018 2000 in
1040 1937 1154 2003 dolore

146 2022 187 2086 ad
215 2022 466 2087 confirmandum
494 2023 637 2087 animum
668 2024 804 2108 valebit,
836 2027 977 2110 utemur,
1009 2025 1061 2088 sin
1092 2027 1155 2090 erit

144 2111 199 2174 ille
226 2110 364 2194 gemitus
396 2111 645 2189 clamentabilis,
673 2111 702 2174 si
727 2111 910 2194 inbecillus,
938 2113 966 2175 si
996 2113 1152 2196 abiectus,

146 2197 174 2261 si
195 2196 326 2280 flebilis,
351 2198 380 2261 ei
403 2198 514 2281 quise
537 2198 673 2281 dederit,
700 2199 754 2262 vix
781 2221 854 2262 eum
876 2200 982 2263 virum
1007 2200 1154 2265 dixerim.

146 2284 208 2360 Qui
239 2284 366 2368 quidem
398 2285 537 2369 gemitus
574 2286 602 2349 si
633 2285 806 2351 levationis
845 2286 967 2370 aliquid
1004 2287 1155 2371 adferret,

145 2375 253 2436 tamen
280 2372 474 2456 videremus,
506 2373 582 2457 quid
610 2376 696 2437 esset
722 2373 816 2438 fortis
848 2378 881 2438 et
909 2375 1045 2438 animosi
1077 2376 1154 2460 viri,

146 2481 219 2524 cum
245 2481 320 2524 vero
347 2460 430 2524 nihil
457 2460 627 2524 imminuat
654 2461 787 2545 doloris,
815 2483 870 2525 cur
896 2461 1018 2526 frustra
1039 2466 1153 2547 turpes

146 2568 216 2611 esse
247 2547 420 2612 volumus?
475 2547 559 2623 Quid
590 2551 640 2612 est
670 2548 756 2612 enim
787 2550 865 2613 fletu
901 2549 1051 2613 muliebri
1083 2551 1153 2614 viro

59 2678 62 2683 -
95 2655 128 2705 58
146 2635 296 2718 turpius?
346 2635 454 2719 Atque
489 2635 551 2700 hoo
586 2640 805 2720 praeceptum,
847 2637 931 2719 quod
967 2637 1006 2700 de
1040 2638 1154 2703 dolore

146 2722 254 2804 datur,
276 2726 368 2806 patet
389 2723 497 2787 latius.
534 2721 691 2787 Omnibus
715 2724 800 2787 enim
822 2725 931 2807 rebus,
953 2746 1020 2788 non
1045 2726 1153 2790 solum

146 2811 265 2893 dolori,
288 2810 387 2874 simili
410 2811 613 2875 contentione
637 2811 736 2874 animi
758 2811 972 2876 resistendum
996 2815 1053 2876 est.
1097 2814 1154 2878 Ira

146 2897 337 2981 exardescit,
364 2897 464 2961 libido
493 2898 686 2980 concitatur,
714 2899 749 2962 in
780 2898 913 2962 eandem
942 2921 1048 2963 arcem
1079 2922 1153 2965 con-

145 2985 334 3069 fugiendum
370 2988 433 3066 est,
470 2985 582 3049 eadem
618 2990 694 3049 sunt
735 3007 825 3050 arma
868 2986 1030 3051 sumenda.
1089 2986 1153 3052 Sed

147 3073 300 3156 quoniam
332 3072 370 3136 de
402 3071 510 3136 dolore
549 3073 724 3156 loquimur,
760 3074 818 3137 illa
849 3075 1046 3140 omittamus.
1100 3075 1153 3140 Ad

146 3161 312 3224 ferendum
329 3160 430 3244 igitur
444 3159 587 3224 dolorem
600 3160 725 3243 placide
740 3163 835 3244 atquc
850 3161 959 3225 sedate
976 3162 1152 3245 plurimum

146 3248 275 3328 proficit
305 3249 376 3312 toto
407 3250 549 3330 pectore,
581 3250 618 3311 ut
649 3248 779 3330 dicitur,
805 3249 962 3332 cogitare,
994 3271 1092 3333 quam
1120 3251 1152 3314 id

145 3332 317 3398 honestum
341 3335 393 3399 sit.
439 3333 555 3399 Sumus
579 3334 664 3399 enim
686 3338 814 3419 natura,
841 3338 878 3400 ut
901 3340 975 3401 ante
1001 3337 1068 3401 dixi
1091 3334 1153 3423 (di-

146 3419 281 3484 cendum
317 3425 368 3486 est
403 3423 487 3486 enim
524 3419 685 3508 saepius),
726 3423 955 3488 studiosissimi
998 3424 1153 3507 adpeten-

145 3507 328 3591 tissimique
355 3508 551 3596 honestatis;
579 3511 668 3574 cuius
696 3509 725 3573 si
756 3512 849 3594 quasi
881 3511 990 3576 lumen
1022 3512 1154 3597 aliquod
