2446 3944
531 189 771 254 -130-

149 347 282 404 veniendi
303 349 364 402 veri
385 347 534 419 prudentia
555 348 679 403 breviter
700 352 771 419 (cap.
787 350 829 418 6),
852 349 912 402 tum
936 348 971 403 de
992 347 1105 403 iustitia
1129 351 1162 405 et

149 419 346 485 beneficentia,
369 435 439 486 quae
463 436 526 472 cum
549 435 582 472 ea
599 420 748 473 coniuncta
766 418 817 486 sit,
836 418 954 488 exponit
972 422 1043 489 (cap.
1060 426 1159 475 '1—18

150 491 308 557 §ao-60),
327 489 429 543 deinde
448 488 482 543 de
501 488 668 543 fortitudine
689 491 760 558 (cap.
776 496 880 546 18—26
899 496 914 556 ς
930 494 1059 556 61-92),
1079 490 1160 544 deni-

151 575 205 627 que
228 559 262 613 de
284 559 471 628 temperantia
493 560 522 612 et
544 559 659 627 decoro,
678 558 753 626 quod
776 576 839 613 cum
862 575 896 614 ea
920 559 1101 614 coniunctum
1120 560 1162 616 sit

152 632 224 698 (cap.
238 633 363 698 27-42).
398 629 544 683 Postremo
567 629 748 682 honestorum
770 628 845 683 inter
868 647 898 684 se
918 630 1162 699 comparationem

151 698 275 754 instituit
293 701 365 770 (cap.
379 701 505 769 43-45).

115 933 134 1054 ξ
219 964 420 1048 Quamquam
442 969 489 1049 te,
515 963 623 1030 Marce
645 965 706 1049 fili,
735 987 855 1029 annum
883 965 949 1028 iam
973 965 1161 1032 audientem

153 1051 358 1137 Cratippum,
388 1053 484 1136 idque
514 1053 667 1136 Athenis,
702 1052 865 1117 abundare
901 1056 1031 1136 oportet
1067 1076 1161 1139 prae·

153 1141 254 1225 ceptis
283 1140 505 1223 institutisque
532 1140 758 1226 philosophiae
780 1142 915 1224 propter
937 1162 1097 1206 summam
1124 1147 1161 1208 et

154 1228 294 1294 doctoris
313 1228 540 1293 auctoritatem
564 1233 597 1293 et
614 1228 718 1313 urbis,
738 1249 874 1311 quorum
898 1227 981 1292 alter
1002 1232 1035 1292 te
1059 1230 1160 1294 scien-

152 1317 201 1381 tia
223 1337 340 1401 augere
359 1319 480 1400 potest,
504 1317 609 1381 altera
627 1316 796 1400 exemplis,
818 1319 941 1398 tamen,
964 1319 1001 1379 ut
1022 1316 1093 1400 ipse
1116 1318 1160 1381 ad

154 1427 259 1469 meam
277 1404 454 1468 utilitatem
478 1425 604 1488 semper
625 1403 847 1468 cumGraecis
866 1403 985 1468 Latina
1007 1405 1160 1468 coniunxi

152 1514 256 1575 neque
278 1491 312 1555 id
333 1491 369 1556 in
390 1492 599 1576 philosophia
623 1492 744 1574 solum,
771 1491 827 1554 sed
850 1492 949 1555 etiam
975 1491 1010 1554 in
1032 1491 1159 1556 dicendi

154 1579 382 1644 exercitatione
404 1580 480 1664 feci,
502 1580 588 1644 idem
611 1580 673 1644 tibi
692 1600 805 1644 censeo
824 1578 1019 1663 faciendum,
1041 1583 1078 1642 ut
1096 1601 1159 1663 par

154 1667 199 1732 sis
230 1666 266 1732 in
297 1668 466 1751 utriusque
494 1668 651 1732 orationis
678 1667 843 1732 facultate.
893 1665 997 1740 Quam
1027 1666 1158 1750 quidem

154 1755 195 1819 ad
217 1776 286 1818 rem
309 1776 382 1838 nos,
403 1759 441 1820 ut
458 1756 613 1838 videmur,
632 1776 786 1840 magnum
805 1755 974 1818 attulimus
994 1754 1159 1819 adiumen-

153 1846 224 1907 tum
242 1842 427 1907 hominibus
445 1843 582 1926 nostris,
600 1846 636 1906 ut
654 1864 721 1906 non
742 1842 837 1906 modo
853 1841 1048 1907 Graecarum
1071 1843 1160 1907 litte-

152 1951 262 1994 rarum
285 1930 393 2013 rudes,
416 1930 471 1993 sed
494 1930 593 1994 etiam
616 1929 703 1994 docti
726 1931 928 2013 aliquantum
947 1952 981 1995 se
1000 1930 1160 1996 arbitren-

116 2021 206 2082 2tur
230 2018 363 2102 adeptos
387 2021 420 2081 et
443 2018 483 2081 ad
507 2018 674 2082 dicendum
698 2021 731 2081 et
749 2018 790 2081 ad
807 2017 1020 2083 iudicandum.
1052 2017 1160 2094 Quam

153 2106 195 2170 ob
218 2127 287 2169 rem
310 2104 411 2169 disces
434 2109 472 2169 tu
491 2105 619 2188 quidem
637 2127 657 2168 a
674 2105 818 2190 principe
836 2106 931 2170 huius
951 2106 1068 2170 aetatis
1086 2107 1159 2190 phi-

152 2193 376 2277 losophorum,
395 2196 428 2256 et
446 2192 561 2276 disces,
581 2215 678 2276 quam
697 2192 751 2256 diu
769 2194 872 2276 voles3
890 2197 959 2258 tam
974 2194 1028 2258 diu
1047 2199 1158 2259 autem

152 2280 237 2345 velle
260 2279 405 2358 debebis,
428 2280 534 2364 quoad
557 2284 602 2364 te,
627 2285 784 2364 quantum
806 2281 972 2366 proficias,
994 2304 1061 2346 non
1082 2305 1158 2368 pae-

151 2367 283 2450 nitebit3
312 2368 367 2432 sed
393 2371 504 2432 tamen
529 2372 644 2433 nostra
670 2368 782 2454 legens
804 2390 870 2433 non
892 2370 1032 2434 multum
1055 2393 1075 2434 a
1099 2369 1158 2435 Pe·

152 2455 330 2540 ripateticis
364 2455 565 2540 dissidentia,
597 2457 750 2540 quoniam
779 2457 908 2548 utrique
936 2455 1091 2522 Socratici
1124 2463 1158 2522 et

151 2542 313 2608 Platonici
334 2545 483 2608 volumus
512 2566 594 2626 esse,
622 2545 660 2608 de
687 2545 784 2608 rebus
810 2544 891 2628 ipsis
912 2548 1004 2609 utere
1026 2549 1083 2610 tuo
1110 2546 1158 2610 iu-

153 2629 235 2695 dicio
259 2627 355 2716 (nihil
379 2632 465 2695 enim
487 2631 650 2720 impedio),
674 2631 854 2697 orationem
877 2636 986 2697 autem
1003 2633 1156 2698 Latinam

152 2718 271 2783 efficies
293 2719 439 2804 profecto
462 2720 608 2806 legendis
629 2720 752 2784 nostris
769 2719 957 2804 pleniorem.
993 2719 1062 2785 Neo
1079 2743 1157 2786 vero

151 2807 213 2872 hoe
236 2811 427 2893 arroganter
449 2808 570 2873 dictum
593 2807 771 2872 existimari
793 2808 899 2873 velim.
944 2807 1030 2872 Nam
1052 2808 1159 2891 philo-

152 2895 311 2980 sophandi
334 2896 501 2961 scientiam
525 2896 698 2961 concedens
722 2895 846 2979 multis,
870 2896 955 2978 quod
978 2899 1028 2960 est
1051 2900 1159 2962 orato·

151 2982 196 3047 ris
219 2983 401 3068 proprium,
424 2988 513 3068 apte,
536 2983 702 3067 distincte,
725 2986 838 3047 ornate
862 2983 980 3066 dicere,
1004 2983 1158 3066 quoniam

151 3070 187 3133 in
213 3092 250 3134 eo
281 3071 388 3134 studio
418 3075 558 3136 aetatem
585 3071 783 3154 consumpsi,
807 3069 834 3133 si
855 3070 890 3134 id
913 3070 993 3134 mihi
1016 3093 1158 3157 assume,
1210 3124 1215 3131 .

113 3156 262 3222 avideor
289 3157 323 3220 id
350 3179 422 3222 meo
448 3158 517 3222 iure
545 3159 685 3241 quodam
712 3158 806 3222 modo
836 3158 1007 3223 vindicare.
1052 3157 1160 3234 Quam

153 3243 195 3307 ob
218 3265 287 3306 rem
315 3266 509 3329 magnopere
536 3248 570 3309 te
596 3246 720 3329 hortor,
742 3246 788 3309 mi
811 3242 938 3330 Cicero,
960 3250 1087 3312 utnon
1110 3269 1161 3312 so·

152 3332 220 3394 lum
248 3330 410 3395 orationes
442 3355 544 3418 meas,
577 3333 633 3397 sed
664 3334 724 3397 hos
757 3332 856 3398 etiam
884 3334 922 3398 de
949 3334 1161 3419 philosophia

152 3418 264 3501 libros,
288 3418 343 3502 qui
364 3419 432 3484 iam
453 3420 519 3486 illis
537 3420 607 3485 fere
626 3442 660 3484 se
679 3425 871 3506 aequarunt,
891 3421 1033 3486 studiose
1051 3423 1161 3507 legas;

71 3488 202 3715 ,vis
226 3506 311 3570 enim
334 3507 438 3572 maior
460 3509 494 3573 in
519 3509 587 3574 illis
616 3508 753 3594 dicendi,
785 3509 841 3574 sed
868 3510 930 3575 hoc
957 3531 1084 3593 quoque
1108 3531 1160 3575 co
