2446 3944
522 189 763 255 -386-

140 371 246 433 amus,
270 350 451 413 sinautem
474 347 559 412 nihil
582 347 835 432 denuntiabitur,
859 369 897 413 eo
921 352 1032 413 tamen
1057 349 1162 414 simus

141 437 265 521 anime,
286 440 324 500 ut
346 436 535 501 horribilem
558 436 651 501 illum
674 436 758 500 diem
782 435 869 520 aliis,
892 436 987 501 nobis
1012 436 1161 502 faustum

140 530 290 610 putemus
318 525 465 608 nihilque
492 525 527 589 in
555 525 649 589 malis
677 524 845 609 ducamus,
877 525 961 609 quod
990 525 1036 590 sit
1064 526 1162 591 vela

141 613 190 678 dis
218 613 445 678 inmortalibus
473 613 525 680 vel
554 636 574 677 a
600 618 718 677 natura
745 617 880 697 parente
908 615 1055 679 omniurn
1085 636 1162 678 con-

142 703 302 766 stitutum.
339 700 416 767 Non
436 702 522 766 enim
541 706 662 766 temere
680 723 739 766 nec
758 702 894 767 fortuito
917 702 982 766 sati
1006 706 1040 767 et
1058 702 1159 768 creat'

142 812 267 872 sumus,
300 789 357 854 sed
388 789 534 874 profecto
563 789 626 854 fuit
657 790 812 873 quaedam
840 791 905 875 vis,
937 811 1019 874 quae
1047 791 1162 874 generi

142 879 325 944 consuleret
352 879 494 944 humano
522 899 582 943 nec
604 878 638 942 id
665 878 814 963 gigneret
842 882 899 943 aut
931 880 1045 965 aleret,
1074 879 1162 962 quod

142 989 215 1033 cum
248 968 482 1032 exanclavisset
514 988 627 1031 omnes
659 966 801 1050 labores,
833 969 903 1031 tum
937 965 1098 1031 incideret
1129 968 1162 1031 in

144 1056 258 1121 mortis
283 1055 405 1119 malum
433 1055 679 1140 sempiternum,
707 1058 838 1138 portum
866 1055 977 1139 potius
1006 1059 1161 1138 paratum

89 1157 141 1207 119
160 1145 255 1213 nobis
275 1147 308 1209 et
326 1144 512 1228 perfugium
530 1147 690 1228 putemus.
723 1142 794 1218 Quo
808 1144 935 1209 utinam
954 1143 1037 1208 velis
1052 1145 1161 1228 passis

144 1232 277 1316 pervehi
300 1233 410 1297 liceatl
445 1230 502 1296 sin
519 1232 712 1297 reflantibus
731 1232 836 1296 ventis
855 1231 1035 1317 reiciemur,
1050 1235 1164 1297 tamen

145 1321 259 1386 eodem
291 1321 389 1403 paulo
421 1321 546 1385 tardius
583 1320 761 1385 referamur
792 1341 920 1385 necesse
953 1323 1012 1384 est.
1069 1319 1163 1396 Quod

145 1413 254 1474 autem
283 1410 433 1474 omnibus
462 1430 593 1474 necesse
622 1412 684 1487 est,
715 1409 790 1473 idne
822 1409 976 1473 miserum
1005 1430 1077 1473 esse
1106 1408 1164 1472 uni

144 1497 276 1582 potest?
313 1496 425 1562 Habes
449 1499 626 1582 epilogum,
650 1519 689 1561 ne
713 1497 790 1580 quid
812 1497 1082 1581 praetermissum
1106 1502 1164 1562 aut

144 1587 292 1650 relictum
315 1590 419 1670 putes.

211 1675 252 1740 A.
276 1673 348 1759 Ego
373 1696 458 1757 vero,
482 1678 515 1738 et
538 1673 667 1758 quidem
696 1673 774 1738 fecit
803 1673 902 1737 etiam
929 1673 992 1737 iste
1020 1695 1073 1738 me
1097 1674 1164 1757 epi·

145 1765 240 1848 logus
264 1763 448 1826 firmiorem.

213 1849 261 1915 M.
285 1850 425 1934 Optime,
448 1852 589 1935 inquam.
636 1849 699 1915 Sed
721 1871 807 1914 nunc
827 1849 956 1933 quidem
982 1849 1165 1915 valetudini

145 1939 327 2002 tribuamus
351 1939 482 2022 aliquid,
505 1961 575 2002 cras
598 1942 716 2022 autem,
740 1941 773 2002 et
793 1941 873 2022 quot
896 1938 963 2002 dies
988 1937 1111 2003 erimus
1130 1939 1165 2002 in

146 2026 338 2110 Tusculano,
362 2048 496 2111 agamus
519 2026 599 2092 haec
622 2030 655 2090 et
677 2049 715 2091 ea
733 2027 947 2110 potissimum,
970 2048 1054 2110 quae
1078 2028 1164 2091 leva·

145 2116 270 2179 tionem
283 2114 428 2179 habeant
443 2115 691 2201 aegritudinum,
703 2115 920 2198 formidinum,
935 2113 1166 2198 cupiditatum,

148 2203 203 2286 qui
227 2203 314 2268 omni
338 2223 353 2268 e
375 2202 582 2288 philosophia
605 2207 656 2268 est
677 2203 802 2269 fructus
826 2203 1018 2268 uberrimus.
