2446 3944
466 193 705 258 —299-

84 368 276 432 responsum
309 350 372 426 est,
408 369 482 413 cum
512 348 563 412 illi
595 349 774 433 quaerenti,
806 371 871 434 qua
897 350 1028 415 tandem
1042 373 1090 416 re

84 436 187 500 fretus
212 435 274 500 sibi
297 437 366 499 tam
390 435 554 500 audaciter
576 437 763 520 obsisteret,
787 437 993 522 respondisse
1015 437 1091 504 dici·

84 527 152 588 tur:
176 520 417 588 ‘Senectute'
449 521 511 588 Sed
534 524 663 589 vivendi
686 528 736 589 est
753 525 827 589 finis
847 526 999 610 optimus,
1018 546 1091 590 cum

84 612 335 697 integramente
349 612 509 696 certisque
523 613 670 678 sensibus
685 633 765 696 opus
779 612 852 696 ipsa
866 635 959 677 suum
970 613 1091 698 eadem,

84 721 167 783 quae
190 699 444 783 coagmentavit,
474 704 593 764 natura
620 700 778 764 dissolvit.
823 699 870 764 Ut
895 723 1026 786 navem,
1053 705 1091 765 ut

84 786 265 851 aedificium
286 786 372 851 idem
396 786 532 851 destruit
554 787 722 871 facillime,
746 787 802 872 qui
824 790 1018 872 construxit,
1045 789 1091 854 sic
1138 803 1142 811 ·

81 874 250 938 >hominem
277 874 388 939 eadem
416 875 552 959 optime,
584 897 666 959 quae
693 875 944 960 conglutinavit,
973 881 1091 942 natura

85 962 245 1027 dissolvit.
288 961 357 1027 Iam
381 962 486 1026 omnis
509 963 746 1048 conglutinatio
769 985 880 1027 recens
905 986 1015 1050 aegre,
1043 965 1090 1029 in·

84 1053 232 1115 veterata
249 1049 344 1115 facile
367 1049 540 1115 divellitur.
576 1050 629 1115 Ita
650 1051 701 1135 fit,
724 1053 761 1115 ut
783 1051 865 1115 illud
888 1053 984 1116 breve
1002 1052 1090 1116 vitae

84 1138 245 1221 reliquum
266 1159 325 1202 nec
344 1137 436 1202 avide
455 1137 670 1222 adpetendum
689 1139 819 1203 senibus
836 1161 896 1204 nec
910 1139 978 1203 sine
992 1161 1090 1204 causa

85 1226 295 1290 deserendum
327 1225 383 1308 sit,
419 1229 571 1310 vetatque
600 1226 805 1311 Pythagoras
836 1227 960 1292 iniussu
991 1227 1090 1311 impe-
1109 1235 1141 1285 '13

83 1313 216 1397 ratoris,
245 1314 352 1377 idest
375 1313 438 1397 dei,
461 1314 500 1378 de
522 1315 684 1399 praesidio
708 1319 741 1378 et
763 1315 905 1379 statione
928 1315 1014 1380 vitae
1040 1315 1090 1378 de·
1206 1349 1208 1354 ·

84 1401 204 1466 cedere.
241 1399 370 1465 Solonis
394 1400 522 1485 quidem
545 1402 701 1487 sapientis
724 1405 774 1466 est
797 1402 949 1487 elogium,
973 1423 1090 1486 quoae

83 1492 183 1574 negat
205 1489 290 1553 velle
313 1509 405 1553 suam
428 1493 567 1554 mortem
591 1490 701 1554 dolore
723 1490 900 1555 amicorum
919 1494 951 1554 et
969 1490 1090 1554 lamen·

83 1577 127 1640 tis
145 1598 268 1641 vacare.
299 1575 389 1659 Volt,
412 1578 516 1661 credo,
538 1599 572 1642 so
595 1599 666 1642 esse
688 1599 799 1643 carum
822 1578 902 1661 suis,
926 1577 982 1643 sed
1004 1576 1090 1642 haud

85 1664 151 1729 seio
175 1686 218 1728 an
239 1664 356 1729 melius
379 1664 517 1729 Ennius:

128 1750 248 1817 Nemo
282 1775 337 1817 me
368 1752 551 1817 lacrumis
584 1751 738 1817 decoret
768 1774 890 1836 neque
920 1753 1059 1817 funera

828 1841 930 1905 fletu

217 1926 339 1993 Faxit.

84 2014 161 2080 Non
183 2019 292 2079 censet
310 2015 484 2100 lugendam
497 2036 567 2080 esse
582 2019 729 2097 mortem,
753 2037 851 2098 quam
867 2015 1088 2081 inmortalitas

84 2107 309 2186 consequatur.
339 2103 410 2167 lam
433 2125 545 2167 sensus
569 2102 727 2167 moriendi
750 2103 867 2187 aliquis
886 2125 956 2168 esse
970 2108 1089 2188 potest,
1109 2111 1141 2162 ⁷4

83 2191 176 2273 isque
199 2191 240 2254 ad
263 2191 414 2275 exiguum
436 2194 573 2274 tempus,
597 2190 789 2274 praesertim
812 2191 889 2275 seni,
911 2196 988 2276 post
1006 2215 1088 2256 mor·

82 2281 151 2342 tem
174 2277 303 2361 quidem
327 2300 438 2342 sensus
463 2281 519 2342 aut
542 2279 703 2362 optandus
727 2282 783 2344 aut
808 2275 917 2344 nullus
936 2283 994 2343 est.
1027 2278 1090 2344 Sed

69 2366 146 2449 ¹hoc
168 2366 360 2430 meditatum
388 2366 429 2430 ab
462 2366 680 2430 adulescentia
708 2366 803 2430 debet
832 2388 917 2450 esse,
948 2370 1089 2431 mortem

83 2457 121 2518 ut
138 2454 360 2539 neglegamus,
384 2454 452 2518 sine
471 2476 535 2537 qua
553 2453 762 2518 meditatione
780 2454 958 2538 tranquillo
980 2455 1088 2519 animo

84 2561 155 2605 esse
177 2563 272 2606 nemo
290 2545 408 2626 potest.
452 2540 654 2606 Moriendum
679 2541 765 2604 enim
786 2545 873 2629 certe
896 2545 959 2625 est,
987 2545 1020 2606 et
1042 2542 1089 2606 in·

83 2632 208 2695 certum
231 2651 273 2694 an
293 2630 354 2694 hoo
372 2630 444 2712 ipso
464 2628 522 2692 die.
554 2625 694 2693 Mortem
711 2628 812 2711 igitur
831 2628 980 2692 omnibus
998 2629 1088 2693 horis

82 2716 310 2800 inpendentem
326 2716 443 2780 timens
463 2715 518 2799 qui
535 2715 658 2799 poterit
672 2714 779 2778 animo
797 2713 994 2778 consistere?
1025 2713 1141 2782 De(⁷⁶)

84 2826 149 2888 qua
170 2825 236 2869 non
254 2805 301 2868 ita
319 2804 419 2888 longa
437 2802 656 2887 disputatione
675 2823 755 2886 opus
773 2821 842 2865 esse
860 2800 997 2884 videtur,
1015 2823 1089 2867 cum

83 2891 233 2956 recorder
254 2913 320 2956 non
342 2891 377 2955 L.
400 2890 553 2974 Brutum,
582 2890 639 2973 qui
660 2889 695 2953 in
717 2888 883 2954 liberanda
905 2889 1015 2972 patria
1037 2892 1088 2953 est

84 2978 287 3062 interfectus,
311 3001 377 3044 non
400 2979 479 3043 duos
492 2977 620 3061 Decios,
643 2977 699 3061 qui
712 2978 753 3041 ad
769 2975 987 3041 voluntariam
1005 2998 1088 3041 mor·
1108 2984 1140 3035 ⁷5

83 3069 152 3130 tem
184 3088 312 3131 cursum
340 3089 495 3150 equorum
522 3065 751 3148 incitaverunt,
782 3085 848 3128 non
874 3062 918 3127 M.
941 3063 1088 3147 Atilium,

84 3154 141 3237 qui
164 3154 205 3218 ad
227 3155 422 3238 supplicium
440 3158 490 3218 est
508 3152 681 3238 profectus,
699 3155 736 3215 ut
753 3151 849 3214 fidem
867 3151 958 3215 hosti
978 3151 1088 3216 datam

83 3247 302 3325 conservaret,
329 3264 396 3307 non
419 3241 498 3306 duos
522 3239 702 3325 Scipiones,
729 3238 784 3322 qui
810 3238 873 3303 iter
895 3237 1013 3303 Poenis
1036 3240 1089 3303 vel

83 3329 273 3413 corporibus
288 3329 355 3393 suis
370 3329 537 3394 obstruere
552 3330 731 3410 voluerunt,
754 3348 820 3391 non
834 3348 931 3391 avum
946 3329 1038 3391 tuum
1052 3326 1088 3392 L.

81 3415 234 3501 Paulum,
267 3416 323 3499 qui
354 3420 459 3481 morte
485 3415 549 3481 luit
577 3417 720 3500 collegae
747 3414 782 3478 in
808 3412 971 3480 Cannensi
998 3416 1088 3501 igno-

82 3503 183 3568 minia
202 3503 429 3589 temeritatem,
450 3524 517 3568 non
535 3502 578 3568 M.
596 3502 793 3587 Marcellum,
811 3503 901 3569 cuius
918 3503 1088 3568 interitum
