2446 3944
402 1380 450 1452 M.
480 1377 641 1450 TULLII
668 1377 915 1451 CICERONIS

223 1541 645 1629 TUSCULANARUM
676 1538 1108 1627 DISPUTATIONUM

520 1688 569 1741 AD
589 1687 626 1740 M.
644 1686 799 1742 BRUTUM

497 1817 619 1876 irena
643 1816 832 1894 cornuue,

158 1935 235 2014 QUI
257 1933 402 2001 noenu
424 1933 651 2001 VIRTUTEM
672 1933 733 1999 AD
756 1933 901 1999 ΒΕΑΤΕ
924 1932 1167 2004 VIVENDUM

360 2036 411 2104 SI}
433 2038 533 2105 IPSA
554 2037 661 2105 ESSE
685 2037 962 2105 ΟΟΝΤΕΝΤΑΜ.

484 2271 836 2333 ARGUMENTUM.

228 2389 289 2443 Hoc
302 2388 375 2442 libro
390 2387 481 2456 quinti
495 2388 552 2442 diei
565 2388 720 2457 disputatio
735 2389 906 2456 continetur,
925 2404 980 2456 qua
998 2389 1165 2444 virtutem

159 2460 199 2514 ad
213 2460 311 2514 beate
325 2459 507 2513 vivendum
521 2476 555 2513 se
569 2460 644 2528 ipsa
658 2474 729 2512 esse
744 2460 939 2512 contentam
949 2458 1165 2515 demonstratur.

158 2530 200 2584 Ao
217 2527 337 2599 primum
357 2529 469 2597 quidem
487 2530 750 2583 mathematicorum
768 2545 844 2582 more
859 2528 955 2583 Cicero
974 2529 1075 2598 exiis,
1095 2545 1164 2599 quae

159 2602 224 2655 ante
257 2599 399 2669 disputata
426 2600 518 2668 erant,
545 2599 668 2653 breviter
696 2598 806 2652 conficit
832 2598 877 2666 id,
906 2598 981 2666 quod
1009 2600 1165 2667 quaeritu13

160 2670 259 2724 deinde
278 2669 315 2724 ad
332 2670 563 2739 philosophorum
581 2669 695 2723 modum
713 2669 754 2722 ita
772 2668 807 2721 de
821 2669 875 2722 hae
889 2667 1053 2736 quaestinne
1074 2671 1165 2740 dispu-

158 2742 214 2806 tat,
241 2741 385 2807 tamquam
413 2739 600 2808 superioribus
628 2739 726 2793 diebus
752 2738 824 2792 nihil
846 2738 883 2792 stt
906 2739 1077 2807 disputando
1104 2757 1165 2795 con·

157 2811 270 2864 fectum.
316 2810 389 2863 Nam
416 2809 537 2878 primum
561 2809 695 2879 ostendit,
723 2807 748 2862 si
770 2807 880 2877 sapiens
904 2808 1032 2863 omnibus
1058 2813 1165 2879 pertur-

158 2880 319 2934 bationibus
344 2879 416 2934 liber
441 2879 489 2947 sit,
514 2895 570 2933 non
592 2895 674 2948 posse
696 2895 754 2933 non
775 2879 889 2932 beatum
912 2878 1071 2948 sapientem
1099 2896 1165 2948 esse,

160 2950 247 3018 quod,
277 2949 325 3017 qui
348 2949 378 3002 in
400 2948 456 3003 iltis
480 2949 543 3017 sint,
575 2949 671 3003 miseri
698 2949 753 3003 sint
774 2948 939 3003 necessario.
985 2948 1078 3015 Quare
1104 2968 1165 3006 cum

158 3021 247 3075 virtus
265 3019 521 3089 perturbationibus
540 3020 600 3074 sola
618 3020 732 3087 liberet,
751 3019 884 3073 virtutem
901 3019 1059 3074 necessario
1078 3022 1166 3076 solam

158 3091 272 3144 beatum
298 3090 440 3144 hominem
468 3089 577 3143 efficere
605 3093 677 3171 (cap.
707 3092 803 3159 1-6).
846 3091 879 3144 In
904 3106 958 3158 quo
986 3091 1167 3159 reprehendit

158 3162 283 3214 veterem
300 3159 531 3214 Academicorum
549 3161 578 3213 et
595 3158 846 3230 Perrpatetioorum
864 3160 1097 3230 inconstantiam,
1116 3160 1167 3231 -qui

159 3246 223 3284 cum
249 3229 305 3284 tria
332 3247 435 3300 genera
461 3230 598 3284 bonorum
622 3231 768 3296 fecissent,
796 3231 884 3284 solam
910 3233 1007 3285 tumen
1033 3231 1168 3286 virtutem

155 3299 280 3353 dixerint
298 3301 366 3355 satis
384 3301 414 3354 in
433 3317 462 3354 se
480 3301 598 3368 habere,
617 3301 716 3355 sinon
733 3301 771 3354 ad
787 3299 992 3369 beatissimam,
1015 3303 1114 3357 tamen
1131 3301 1167 3356 ad

158 3369 272 3423 beatam
294 3370 383 3425 vitam
406 3371 478 3440 (cap.
498 3373 613 3440 7-13).
660 3371 769 3425 Deinde
792 3370 887 3425 multis
910 3388 974 3425 cum
996 3371 1167 3440 argumentis

154 3440 219 3494 tum
233 3440 367 3510 exemplis
380 3441 525 3494 hominum
540 3442 569 3495 et
576 3440 742 3496 vitiosorum
756 3442 785 3495 et
793 3440 904 3496 virtutis
917 3440 1001 3495 laude
1014 3440 1169 3498 illustrium
