2446 3944
525 159 765 224 -436—

144 324 255 388 beate
282 321 486 386 vivendum
512 320 656 402 ferunt,
683 341 751 385 nec
774 340 962 402 suspensa
991 320 1162 386 aliorum

146 413 211 476 aut
228 411 326 475 bono
342 430 431 474 casu
447 412 511 472 aut
529 407 727 472 contrario
745 406 910 491 pendere
930 429 975 472 ex
989 408 1161 474 alterius

145 498 295 564 eventis
327 501 365 561 et
395 517 525 561 errare
558 498 760 580 coguntur,
791 493 880 560 huic
912 497 1075 578 optume
1107 497 1160 561 vi·

144 585 379 652 venditatio
404 588 627 667 comparata
651 586 716 648 est.
762 581 834 647 Hic
855 586 914 647 est
935 583 1006 648 ille
1031 585 1159 650 mode·

145 677 265 758 rstuS,
288 673 351 737 hic
374 673 503 756 fortis,
533 671 596 736 hic
619 672 788 754 sapiens,
815 669 877 735 hic
900 673 937 736 et
957 673 1159 737 nascenti-

145 764 215 828 bus
238 765 275 826 et
298 760 523 826 cadentibus
548 781 628 824 cum
647 759 808 843 reliquis
830 759 1057 844 commodis,
1081 763 1159 825 tum

146 851 306 915 maxime
334 848 473 914 liberis
500 847 655 932 parebit
677 850 714 911 et
742 847 922 912 oboediet
943 852 1157 932 praecepto

145 938 209 1002 illi
231 937 367 1021 veteri;
390 958 511 1020 neque
535 936 635 1000 enim
657 935 874 1000 laetabitur
890 955 1072 1017 umquam
1092 957 1158 1000 nec

145 1024 333 1091 maerebit
354 1024 483 1107 nimis,
507 1023 605 1106 quod
623 1043 771 1106 semper
789 1023 829 1086 in
847 1043 885 1087 se
906 1023 990 1105 ipse
1009 1044 1157 1088 omnem

147 1129 249 1197 spem
276 1114 438 1195 reponet
466 1108 544 1175 sui.’
594 1108 645 1175 Ex
672 1109 734 1175 hoc
760 1110 861 1194 igitur
882 1108 1031 1175 Platonis
1065 1112 1156 1196 quasi

146 1202 284 1286 quodam
307 1203 418 1264 saneto
442 1202 642 1284 augustoque
665 1197 756 1263 fonte
778 1200 891 1263 nostra
916 1198 1021 1262 omnis
1047 1220 1155 1264 mana·

147 1290 197 1354 bit
219 1289 333 1352 oratio.

94 1337 137 1464 ἐξ)
213 1376 305 1442 Unde
329 1375 430 1460 igitur
453 1374 553 1438 ordiri
575 1375 694 1439 rectius
717 1395 888 1456 possumus
912 1394 1010 1457 quam
1031 1395 1054 1438 a
1072 1396 1156 1439 eom-

147 1464 238 1529 muni
269 1465 402 1548 parente
433 1462 571 1527 natura?
611 1483 706 1546 quae,
743 1461 894 1546 quicquid
930 1461 1056 1546 gennit,
1093 1484 1156 1527 non

147 1553 242 1617 modo
266 1551 400 1634 animal,
423 1549 478 1615 sed
498 1551 596 1614 etiam
619 1549 704 1634 quod
726 1549 1004 1613 itaortumesset
1023 1552 1155 1632 eterra,

147 1643 184 1704 ut
203 1639 358 1723 stirpibus
377 1638 444 1703 suis
463 1638 631 1721 niteretur,
654 1637 688 1701 in
708 1659 765 1702 suo
788 1637 926 1721 quidque
945 1657 1065 1722 genere
1087 1659 1154 1722 per·

147 1728 267 1792 fectum
290 1750 360 1793 esse
382 1725 494 1791 voluit.
538 1724 651 1809 Itaque
678 1728 712 1790 et
735 1725 866 1789 arbores
893 1728 926 1788 et
947 1725 1030 1789 vites
1054 1730 1091 1790 et
1112 1747 1155 1809 ea,

148 1837 229 1899 quae
257 1819 332 1879 sunt
358 1813 533 1879 humiliora
558 1835 661 1898 neque
689 1835 723 1878 se
750 1812 863 1877 tollere
891 1835 910 1877 s
941 1815 1030 1877 terra
1058 1814 1154 1878 altius

148 1905 298 1986 possunt,
321 1902 387 1966 alia
405 1923 531 1985 semper
552 1902 672 1985 virent,
695 1901 761 1966 aliu
783 1900 889 1965 hieme
912 1898 1035 1964 nudata
1058 1923 1154 1966 verno

148 1994 294 2072 tempore
316 1990 481 2074 tepefacta
501 1990 723 2072 frondescunt,
744 2010 846 2072 neque
866 1991 916 2052 est
933 1987 1046 2071 ullum,
1072 1988 1155 2073 quod

148 2099 214 2141 non
235 2078 283 2141 ita
305 2077 415 2160 vigeat
437 2077 587 2140 interiore
612 2076 752 2160 quodam
770 2079 860 2140 motu
878 2079 911 2141 et
929 2075 997 2139 suis
1021 2075 1056 2140 in
1081 2099 1155 2162 quo·

150 2186 210 2249 que
230 2165 404 2229 seminibus
422 2163 569 2246 inclusis,
592 2166 628 2226 ut
647 2166 703 2228 aut
721 2164 815 2229 flores
835 2167 891 2229 aut
909 2163 1019 2248 fruges
1041 2164 1157 2230 fundat

151 2254 207 2316 aut
233 2252 345 2335 bacas,
373 2251 543 2334 omniaque
570 2251 604 2315 in
632 2251 794 2337 omnibus,
822 2257 978 2335 quantum
1010 2252 1046 2316 in
1077 2253 1156 2337 ipsis

97 2341 206 2422 assit,
233 2339 321 2403 nulla
344 2339 377 2404 vi
404 2338 598 2422 impediente
625 2339 769 2423 perfecta
797 2340 871 2404 sint.
915 2338 1058 2404 Facilius
1084 2362 1156 2406 vero

150 2428 249 2492 etiam
271 2428 307 2491 in
328 2427 457 2511 bestiis,
485 2428 569 2512 quod
597 2428 638 2492 iis
662 2450 774 2492 sensus
798 2449 818 2490 s
839 2431 956 2491 natura
978 2431 1030 2491 est
1053 2427 1158 2510 datus,

149 2516 198 2580 vis
231 2516 334 2599 ipsius
370 2520 505 2582 naturae
540 2514 680 2598 perspici
716 2517 834 2598 potest.
891 2512 1040 2597 Namque
1078 2518 1158 2581 alias

149 2605 270 2669 bestias
296 2606 404 2670 nantis
428 2624 582 2686 aquarum
605 2603 729 2667 incolas
756 2624 825 2667 esse
853 2602 970 2684 voluit,
998 2604 1082 2667 alias
1107 2626 1159 2669 vo·

149 2694 253 2756 lucres
277 2693 364 2757 caelo
388 2692 452 2755 frui
478 2690 595 2773 libero,
623 2691 779 2773 serpentis
803 2690 971 2774 quasdam,
999 2692 1159 2774 quasdam

151 2801 221 2844 esse
244 2778 435 2865 gradientis3
460 2779 729 2861 earumipsarum
751 2778 871 2862 partim
891 2778 1063 2862 solivagas,
1087 2802 1158 2863 par·

150 2868 211 2931 tim
230 2870 452 2951 congregatas,
470 2866 610 2930 inmanis
625 2866 716 2949 alias,
735 2867 889 2950 quasdam
904 2869 1011 2929 autern
1026 2869 1158 2950 cicures,

150 2977 216 3019 non
233 2955 339 3019 nullas
354 2955 481 3018 abditus
499 2958 648 3037 terraque
666 2957 778 3018 tectas.
809 2953 916 3038 Atque
936 2976 1047 3018 earum
1066 2977 1160 3039 quae·

152 3064 213 3126 que
237 3065 329 3108 suum
356 3046 468 3107 tenens
498 3063 628 3125 munus,
655 3063 727 3105 cum
756 3042 790 3106 in
818 3041 955 3125 disparis
984 3042 1159 3107 animantis

151 3130 252 3194 vitam
274 3130 413 3195 transire
430 3151 495 3194 non
512 3128 630 3212 possit,
654 3134 764 3193 manet
785 3129 820 3192 in
843 3129 914 3213 lege
933 3132 1079 3195 naturae.
1117 3130 1160 3194 Et

151 3220 188 3280 ut
219 3219 332 3282 bestiis
366 3218 454 3282 aliud
486 3217 543 3281 alii
574 3218 740 3300 praecipui
768 3239 788 3281 u
813 3221 930 3281 nutura
962 3218 1075 3282 datum
1103 3222 1160 3300 est,

152 3304 236 3387 quod
264 3327 358 3369 suum
386 3327 527 3389 quaeque
559 3305 678 3369 retinet
707 3326 767 3368 nec
796 3304 932 3369 discedit
960 3306 1001 3369 ab
1029 3327 1081 3390 eo,
1115 3306 1159 3370 sic

150 3389 275 3456 homini
302 3392 405 3458 multo
432 3392 582 3477 quiddam
610 3393 840 3477 praestantius,
868 3393 930 3457 etsi
959 3393 1160 3477 praestantis

151 3478 269 3543 debent
292 3501 329 3543 ea
352 3481 427 3560 dici,
455 3502 536 3565 quae
564 3480 685 3545 habent
708 3481 849 3565 aliquam
876 3482 1160 3565 comparationem,
