2446 3944
332 1043 380 1119 M.
410 1045 569 1120 TULLII
602 1045 846 1120 CICERONIS

136 1226 209 1310 DII
241 1226 461 1315 oeelcsss
492 1226 564 1311 AD
596 1225 820 1314 MAROUM
850 1227 1036 1313 FILIUM

437 1434 557 1494 LIBER
579 1434 736 1496 PRIMUS.

534 1589 640 1597 —-

423 1714 754 1776 ARGUMENTUII.

154 1845 191 1900 M.
210 1846 319 1901 Tullius
342 1863 406 1901 oum
427 1848 585 1917 temporum
607 1846 758 1916 iniquitate
786 1847 821 1901 ab
845 1846 1086 1904 administratione

84 1917 126 1973 rei
143 1917 273 1986 publicae
292 1916 420 1972 exclusus
439 1918 475 1972 ad
492 1917 688 1987 philosophiae
703 1916 868 1987 scriptiones
887 1919 1010 1974 studium
1024 1936 1087 1974 con·

84 1987 216 2042 uertisset
235 1988 265 2042 et
276 1988 379 2041 multas
393 1987 449 2041 iarn
463 1987 645 2042 difficillimas
664 1988 699 2043 de
716 1987 897 2058 philosophia
911 1989 1086 2058 quaestiones

83 2057 268 2125 absolvisset,
291 2057 380 2112 altere
401 2060 481 2127 perte
508 2058 575 2113 anni
591 2060 657 2128 post
675 2058 733 2115 urb.
754 2059 833 2116 cond.
854 2066 914 2129 710,
933 2059 968 2114 de
986 2058 1086 2113 officiis

84 2144 156 2209 quae
175 2144 226 2182 sua
243 2132 318 2184 esset
336 2128 489 2198 sententia,
508 2127 628 2184 Graecos
647 2132 773 2184 auctores
791 2129 965 2197 maximeque
983 2129 1087 2183 Panse-

83 2201 157 2253 trum
174 2201 286 2253 secutus
306 2198 479 2253 conscribere
493 2199 587 2268 coepIt
605 2201 634 2253 et
647 2199 677 2253 id
691 2201 884 2270 argumentum
898 2200 987 2253 tribus
1005 2199 1086 2254 libris

83 2268 281 2339 pertractavit,
302 2285 369 2338 quos
388 2268 468 2323 misit
485 2269 521 2323 ed
539 2271 576 2323 Μ.
594 2270 696 2336 filium,
716 2271 842 2338 quitum
859 2269 977 2324 Athenis
994 2269 1086 2339 philo·

84 2339 201 2408 sophiae
220 2339 343 2394 studium
361 2340 479 2395 colebat.
511 2339 552 2393 Ac
569 2340 660 2410 primo
675 2340 787 2409 quidem
801 2340 873 2394 libro
887 2339 975 2392 filium
990 2340 1086 2394 cohor·
1199 2396 1202 2402 ,

83 2410 212 2476 inbuant
223 2426 281 2464 non
294 2410 384 2465 solum
393 2410 424 2464 in
429 2409 621 2533 Iphilosophia,
631 2427 727 2465 verum
741 2410 827 2464 etiem
839 2410 870 2463 in
884 2410 996 2464 dicendi
1010 2426 1086 2465 exer·

85 2479 220 2534 ciiatione
234 2497 297 2534 cum
307 2480 419 2535 Graecis
452 2481 530 2534 atina
544 2497 653 2549 semper
667 2481 849 2550 coniungeret
862 2481 891 2535 et
905 2498 983 2534 suum
997 2480 1085 2551 patris

85 2551 242 2620 exemplum
255 2552 424 2618 sequeretur,
443 2552 475 2604 ut
488 2566 583 2619 parem
598 2550 710 2604 dicendi
729 2551 838 2620 copiam
855 2550 886 2603 in
904 2553 1020 2619 utroque
1039 2567 1085 2620 ge-

84 2635 150 2674 nere
169 2619 315 2685 oretionis,
339 2622 368 2674 et
389 2619 444 2675 hoc
468 2620 566 2675 sedato
589 2620 752 2690 disputandi
775 2623 804 2674 et
822 2620 872 2675 illo
890 2620 994 2674 forensi
1013 2637 1085 2674 com-

83 2689 211 2754 motiore,
231 2689 285 2744 sibi
299 2691 473 2759 compareret
487 2693 557 2759 (cap.
574 2693 608 2758 1),
624 2689 745 2759 primum
758 2691 935 2760 propositum
948 2707 1035 2757 suum,
1053 2692 1086 2745 ut

85 2759 120 2813 de
139 2759 238 2813 officiis
263 2760 299 2814 ad
317 2759 354 2812 M.
374 2761 463 2815 filium
485 2759 593 2828 aliquid
611 2761 811 2829 conscriberet,
835 2759 962 2830 exponit,
981 2760 1012 2813 in
1030 2777 1085 2828 quo

84 2845 115 2884 se
134 2829 242 2884 Stoicos
266 2829 443 2910 potissimum
465 2833 624 2884 secuturum
647 2847 707 2885 esse
730 2831 771 2884 ait
790 2833 859 2899 (oep.
875 2837 890 2884 2
909 2831 1034 2899 §4—6),
1058 2832 1086 2885 et

84 2899 183 2953 definit
201 2916 233 2953 ac
251 2899 356 2954 drvidIt
374 2900 503 2967 officium,
523 2900 652 2969 omnique
667 2900 830 2969 quaestione
844 2900 874 2953 in
889 2898 1086 2970 quinqueper-

83 2970 127 3023 tes
146 2969 237 3023 divisa
257 2969 378 3040 primurn
401 2971 435 3024 de
459 2970 585 3039 honesto,
611 2973 671 3025 tum
694 2970 728 3025 de
746 2971 926 3025 honestorum
944 2986 1044 3041 compe

83 3039 173 3107 tione,
196 3040 262 3094 dein
284 3040 319 3094 de
340 3040 418 3108 utili,
440 3057 522 3110 porro
541 3041 575 3095 de
594 3041 705 3096 utilium
723 3040 942 3111 comparatione,
966 3040 1051 3113 deniq

84 3109 119 3164 de
138 3110 250 3165 honesti
263 3112 293 3165 et
310 3110 398 3180 utilis,
417 3127 487 3179 quee
505 3111 634 3167 videatur
652 3128 719 3179 esse,
739 3111 918 3166 contentIone
937 3110 1054 3179 dicensi¹

84 3196 144 3234 esse
164 3180 235 3234 dicit
256 3184 328 3250 (cap.
343 3187 400 3248 s,4
418 3188 433 3247 ς
448 3186 554 3252 7-10).
590 3184 662 3237 Tum
684 3183 737 3236 hoo
755 3181 827 3236 libro
845 3181 966 3252 primum
984 3181 1019 3239 do

82 3252 164 3304 nesto
183 3251 245 3320 agit
262 3255 333 3321 (cap,
347 3253 467 3321 4-42)‚
490 3254 520 3307 et
541 3252 681 3322 explicata
698 3251 810 3320 quidem
827 3250 958 3308 uniuersa
973 3251 1011 3309 ho

82 3322 184 3373 natura
206 3324 277 3390 (cap.
292 3323 320 3401 4)
345 3337 406 3375 eam
433 3321 463 3375 in
486 3324 617 3390 quattuor
638 3323 732 3392 partes
758 3321 873 3391 dividit,
897 3336 969 3405 quae
989 3322 1026 3379 in

82 3389 203 3512 gentio,
222 3390 343 3459 iustitra,
362 3390 540 3460 fortitudine,
557 3392 745 3475 temperantia
761 3392 871 3464 positae
884 3392 944 3449 sne
960 3392 975 3471 (
1005 3396 1008 3401 '

110 3476 125 3514 e
153 3460 197 3514 his
223 3460 312 3530 igliur
336 3462 392 3516 iarn
416 3462 580 3532 explicatius
602 3462 685 3532 dicit,
712 3464 744 3518 et
768 3462 805 3519 de
885 3460 892 3475 '

134 3563 316 3618 willerme,
331 3564 375 3610 Uis.
390 3563 503 3620 perraras.
518 3562 634 3621 &siciliae
