2446 3944
565 209 604 220 -
651 171 804 237 564*-

179 342 272 404 tuum
293 357 412 402 nomen
434 356 469 399 se
490 336 563 398 tota
585 336 752 398 convertet
774 332 903 415 civitas,
925 334 959 396 ts
982 335 1138 416 senatus,
1163 337 1201 398 te

179 446 290 492 omnes
317 423 408 506 boni,
434 426 468 487 te
496 421 588 505 socii,
614 424 648 485 te
670 419 780 485 Latini
806 420 1031 504 intuebuntur,
1059 424 1099 484 tu
1125 422 1197 485 eris

178 535 271 597 unus,
293 512 329 576 in
351 531 414 595 quo
433 510 558 574 nitatur
576 508 719 575 civitatis
739 508 836 592 salus,
859 529 905 590 ac,
928 529 968 572 ne
986 507 1104 591 multa,
1131 509 1201 574 dic-

178 605 268 666 tator
290 620 359 664 rem
382 598 545 682 publicam
568 596 747 663 constituas
768 599 908 680 oportet,
931 595 959 659 si
977 595 1098 680 impias
1119 619 1200 680 pro

179 689 374 773 pinquorum
410 707 523 751 manus
560 684 721 770 effugeris.
772 682 837 749 Hic
867 705 940 748 cum
972 684 1200 749 exclamasset

178 775 309 840 Laelius
340 774 638 860 ingemuissentque
670 771 892 836 vehementius
924 771 1037 854 ceteri,
1070 772 1200 837 leniter

180 863 325 928 arridens
349 860 470 946 Scipio:
502 858 553 924 St!
581 881 714 944 quaes0,
741 859 861 944 inquit,
888 880 928 924 ne
955 880 1007 924 me
1030 881 1049 923 e
1073 881 1200 926 somno

219 950 376 1031 excitetis,
400 953 433 1014 et
455 969 629 1033 parumper
652 947 760 1012 audite
783 951 898 1013 cetera.

130 1017 219 1088 13l3>
275 1037 337 1102 Sed
361 1058 424 1122 quo
448 1036 501 1118 sis,
524 1035 685 1118 Africana,
709 1035 847 1100 alacrior
869 1035 910 1101 ad
927 1035 1104 1100 tutandam
1124 1059 1200 1102 rem

129 1883 163 1931 14

130 2595 171 2658 15

112 2671 161 2720 ‘15

181 1126 354 1210 publicam,
377 1125 424 1189 sic
446 1123 579 1189 habeto:
603 1123 761 1207 omnibus,
784 1124 841 1207 qui
857 1123 1000 1207 patriam
1019 1145 1200 1191 conserva·

179 1214 300 1296 verint,
323 1212 518 1295 adiuverint,
541 1211 698 1295 auxerint,
721 1214 845 1276 certum
868 1231 939 1275 esse
965 1211 1000 1275 in
1023 1212 1117 1276 caelo
1145 1214 1200 1279 de

179 1302 309 1365 finitum
338 1301 459 1383 locum,
489 1299 546 1363 ubi
573 1299 662 1363 beati
690 1320 769 1364 aevo
798 1299 994 1382 sempiterno
1021 1297 1200 1386 fruantur3

179 1389 262 1454 nihil
294 1392 345 1453 est
377 1388 463 1452 enim
496 1387 547 1451 illi
580 1386 718 1471 principi
748 1386 820 1470 deo,
851 1387 905 1470 qui
936 1408 1067 1451 omnem
1100 1411 1200 1454 mun-

180 1477 257 1541 dum
279 1476 374 1561 regit,
398 1474 630 1559 quodquidam
648 1475 684 1539 in
701 1474 798 1539 terris
815 1474 883 1558 fiat,
906 1475 1068 1558 acceptius
1091 1498 1199 1559 quarn

180 1565 316 1630 concilia
335 1567 507 1648 coetusque
525 1563 693 1627 hominum
711 1562 780 1626 iure
799 1561 921 1645 sociati,
939 1583 1022 1646 quae
1037 1562 1198 1630 civitates

181 1653 400 1736 appellantur,
419 1651 534 1715 harum
552 1654 694 1716 rectores
713 1654 746 1714 et
764 1654 1006 1715 conservatores
1024 1650 1104 1716 hinc
1119 1676 1199 1738 pro

180 1740 258 1805 fecti
276 1740 339 1805 huc
362 1743 575 1804 revertuntur.

130 1805 172 1869 14
247 1827 310 1893 Hic
328 1848 398 1914 ego,
417 1827 479 1892 etsi
495 1849 583 1892 eram
599 1826 790 1910 perterritus
805 1848 871 1891 non
884 1830 953 1891 tam
966 1827 1083 1892 mortis
1100 1834 1199 1895 metu

181 1938 279 1998 quam
307 1915 497 1980 insidiarum
526 1938 546 1979 a
572 1915 667 1998 meis,
698 1914 843 1999 quaesivi
868 1918 991 1998 tamen,
1020 1914 1198 1983 viveretne

179 2004 250 2087 ipse
272 2006 306 2067 et
328 2003 448 2067 Paulus
471 2006 566 2087 pater
588 2005 621 2067 et
644 2002 709 2085 alii,
732 2024 813 2086 quos
835 2023 895 2067 nos
918 2002 1078 2068 extinctos
1104 2006 1198 2070 arbi·

180 2095 348 2155 traremur.
388 2090 493 2154 Immo
516 2111 601 2172 vero,
624 2089 739 2173 inquit,
761 2090 797 2154 hi
818 2090 941 2174 vivunt,
965 2090 1020 2175 qui
1038 2112 1055 2155 e
1075 2113 1198 2177 corpo·

179 2200 252 2242 rum
278 2177 416 2242 vinculis
443 2181 612 2260 tamquam
635 2199 653 2241 e
676 2199 802 2242 carcere
826 2178 1047 2256 evolaverunt,
1075 2185 1197 2247 vestra

180 2286 265 2348 vero,
289 2285 370 2348 quae
394 2264 519 2347 dicitur,
542 2265 611 2328 vita
633 2285 721 2328 mors
745 2269 803 2329 est.
841 2264 925 2340 Quin
946 2271 983 2330 tu
1004 2265 1126 2349 aspicis
1148 2270 1196 2333 ad

180 2358 214 2418 te
242 2352 424 2417 venientem
451 2351 589 2417 Paulum
615 2353 765 2435 patrem?
802 2351 904 2428 Quem
930 2357 967 2418 ut
988 2353 1069 2436 vidi,
1101 2357 1196 2439 equi-

180 2442 253 2506 dem
271 2440 338 2505 vim
355 2440 562 2506 lacrimarum
579 2439 717 2524 profudi,
734 2440 791 2505 ille
811 2445 919 2505 autem
934 2462 985 2506 me
999 2443 1195 2526 complexus

181 2532 279 2613 atque
301 2528 452 2593 osculans
475 2528 551 2592 fiere
574 2528 777 2611 prohibebat.

246 2615 356 2698 Atque
384 2636 444 2702 ego
474 2619 511 2679 ut
538 2614 678 2699 primum
706 2616 784 2680 fietu
806 2637 953 2700 represso
976 2617 1068 2699 loqui
1089 2641 1194 2701 posse

180 2704 280 2788 coepi,
299 2702 433 2788 Quaeso,
451 2703 593 2788 inquam,
611 2706 705 2787 pater
724 2704 927 2769 sanctissime
941 2707 1039 2787 atque
1054 2707 1194 2790 optime,

180 2792 332 2876 quoniam
350 2791 430 2856 haec
448 2795 498 2856 est
512 2792 589 2874 vita,
606 2795 644 2855 ut
658 2791 848 2857 Africanum
862 2791 957 2857 audio
972 2793 1086 2876 dicere,
1108 2795 1192 2877 quid

179 2901 289 2944 moror
320 2880 355 2943 in
385 2879 503 2944 terris?
537 2879 616 2964 quin
646 2879 709 2943 huc
736 2880 777 2943 ad
803 2901 862 2945 vos
889 2881 997 2944 venire
1024 2884 1193 2965 propero?

179 2965 256 3032 Non
278 2971 328 3031 est
350 2967 407 3048 ita,
429 2967 536 3051 inquit
558 2967 623 3031 ille.
659 2966 734 3032 Nisi
755 2967 840 3032 enim
859 2969 935 3032 deus
953 2968 992 3051 is,
1015 2968 1106 3032 cuius
1126 2969 1194 3036 hoc

179 3055 338 3139 templum
365 3059 416 3119 est
438 3077 548 3139 omne,
579 3055 664 3139 quod
687 3055 860 3140 conspicis,
886 3055 960 3119 istis
982 3059 1016 3120 te
1039 3059 1192 3140 corporis

179 3143 334 3207 custodiis
354 3143 550 3225 liberaverit,
568 3143 631 3207 huc
648 3143 711 3208 tibi
729 3144 835 3208 aditus
853 3147 965 3228 patere
982 3164 1048 3207 non
1066 3149 1191 3227 potest.

178 3228 337 3295 Homines
365 3231 451 3295 enim
474 3234 550 3295 sunt
571 3231 633 3295 hac
656 3231 728 3316 lege
751 3231 911 3317 generati,
939 3231 996 3316 qui
1016 3229 1191 3299 tuerentur

178 3316 272 3380 illum
305 3319 453 3404 globum,
485 3341 581 3403 quem
612 3318 648 3381 in
675 3319 737 3383 hoc
766 3319 889 3403 templo
917 3319 1058 3384 medium
1086 3321 1191 3405 videa,

179 3425 262 3486 quae
289 3408 377 3471 terra
405 3407 534 3490 dicitur,
564 3406 668 3491 iisque
696 3406 821 3471 animus
850 3407 944 3472 datus
972 3411 1022 3471 est
1050 3429 1090 3472 ex
1119 3409 1190 3473 illis

179 3491 385 3576 sempiternis
417 3495 561 3581 ignibus,
594 3515 676 3578 quae
708 3495 814 3559 sidera
846 3499 878 3559 et
907 3495 1021 3560 stellas
1049 3497 1187 3580 vocatis,
