<?xml version="1.0" encoding="UTF-8"?>
<!DOCTYPE html PUBLIC "-//W3C//DTD XHTML 1.0 Transitional//EN"
    "http://www.w3.org/TR/xhtml1/DTD/xhtml1-transitional.dtd">
<html xmlns="http://www.w3.org/1999/xhtml" xml:lang="en" lang="en">
 <head>
  <title>
</title>
<meta http-equiv="Content-Type" content="text/html;charset=utf-8" />
  <meta name='ocr-system' content='tesseract 3.04.00' />
  <meta name='ocr-capabilities' content='ocr_page ocr_carea ocr_par ocr_line ocrx_word'/>
</head>
<body>
  <div class='ocr_page' id='page_1' title='image "./cicerosphilosop00cicegoog_0319.png"; bbox 0 0 2446 3944; ppageno 0'>
   <div class='ocr_carea' id='block_1_1' title="bbox 472 185 712 250">
    <p class='ocr_par' dir='ltr' id='par_1_1' title="bbox 472 185 712 250">
     <span class='ocr_line' id='line_1_1' title="bbox 472 185 712 250; baseline 0 0"><span class='ocrx_word' id='word_1_1' title='bbox 472 185 712 250; x_wconf 80' lang='lat'>-303-</span> 
     </span>
    </p>
   </div>
   <div class='ocr_carea' id='block_1_2' title="bbox 80 351 1154 3603">
    <p class='ocr_par' dir='ltr' id='par_1_2' title="bbox 80 351 1154 3603">
     <span class='ocr_line' id='line_1_2' title="bbox 95 351 1101 438; baseline -0.002 -18"><span class='ocrx_word' id='word_1_2' title='bbox 95 351 267 420; x_wconf 84' lang='lat' dir='ltr'>convenire</span> <span class='ocrx_word' id='word_1_3' title='bbox 290 373 378 435; x_wconf 87' lang='lat' dir='ltr'>aveo,</span> <span class='ocrx_word' id='word_1_4' title='bbox 401 373 482 436; x_wconf 91' lang='lat' dir='ltr'>quos</span> <span class='ocrx_word' id='word_1_5' title='bbox 504 351 575 436; x_wconf 89' lang='lat' dir='ltr'>ipse</span> <span class='ocrx_word' id='word_1_6' title='bbox 598 352 744 438; x_wconf 80' lang='lat' dir='ltr'>cognovi,</span> <span class='ocrx_word' id='word_1_7' title='bbox 767 353 823 418; x_wconf 88' lang='lat' dir='ltr'>s&#39;ed</span> <span class='ocrx_word' id='word_1_8' title='bbox 840 352 916 418; x_wconf 90' lang='lat' dir='ltr'>illos</span> <span class='ocrx_word' id='word_1_9' title='bbox 935 352 1043 438; x_wconf 87' lang='lat' dir='ltr'>etiam,</span> <span class='ocrx_word' id='word_1_10' title='bbox 1062 353 1101 418; x_wconf 90' lang='lat' dir='ltr'>de</span> 
     </span>
     <span class='ocr_line' id='line_1_3' title="bbox 96 439 1101 525; baseline 0.002 -21"><span class='ocrx_word' id='word_1_11' title='bbox 96 440 212 525; x_wconf 88' lang='lat' dir='ltr'>quibus</span> <span class='ocrx_word' id='word_1_12' title='bbox 237 439 345 504; x_wconf 89' lang='lat' dir='ltr'>audivi</span> <span class='ocrx_word' id='word_1_13' title='bbox 368 442 401 504; x_wconf 88' lang='lat' dir='ltr'>et</span> <span class='ocrx_word' id='word_1_14' title='bbox 424 440 490 524; x_wconf 83' lang='lat' dir='ltr'>legi</span> <span class='ocrx_word' id='word_1_15' title='bbox 513 443 545 504; x_wconf 92' lang='lat' dir='ltr'>et</span> <span class='ocrx_word' id='word_1_16' title='bbox 567 440 637 525; x_wconf 89' lang='lat' dir='ltr'>ipse</span> <span class='ocrx_word' id='word_1_17' title='bbox 660 440 845 525; x_wconf 80' lang='lat' dir='ltr'><strong>conscripsi.</strong></span> <span class='ocrx_word' id='word_1_18' title='bbox 882 440 952 516; x_wconf 92' lang='lat' dir='ltr'>Quo</span> <span class='ocrx_word' id='word_1_19' title='bbox 972 441 1101 525; x_wconf 89' lang='lat' dir='ltr'>quidem</span> 
     </span>
     <span class='ocr_line' id='line_1_4' title="bbox 97 528 1101 613; baseline 0.001 -20"><span class='ocrx_word' id='word_1_20' title='bbox 97 550 148 593; x_wconf 91' lang='lat' dir='ltr'>me</span> <span class='ocrx_word' id='word_1_21' title='bbox 171 528 428 613; x_wconf 87' lang='lat' dir='ltr'>proficiscentem</span> <span class='ocrx_word' id='word_1_22' title='bbox 450 528 538 592; x_wconf 84' lang='lat' dir='ltr'>haud</span> <span class='ocrx_word' id='word_1_23' title='bbox 556 549 633 592; x_wconf 87' lang='lat' dir='ltr'>sane</span> <span class='ocrx_word' id='word_1_24' title='bbox 653 529 725 612; x_wconf 90' lang='lat' dir='ltr'>quis</span> <span class='ocrx_word' id='word_1_25' title='bbox 741 528 837 594; x_wconf 88' lang='lat' dir='ltr'>facile</span> <span class='ocrx_word' id='word_1_26' title='bbox 855 530 1027 593; x_wconf 77' lang='lat' dir='ltr'>retraxerit</span> <span class='ocrx_word' id='word_1_27' title='bbox 1042 551 1101 594; x_wconf 89' lang='lat' dir='ltr'>nec</span> 
     </span>
     <span class='ocr_line' id='line_1_5' title="bbox 95 616 1099 701; baseline 0.002 -21"><span class='ocrx_word' id='word_1_28' title='bbox 95 620 263 700; x_wconf 87' lang='lat' dir='ltr'>tamquam</span> <span class='ocrx_word' id='word_1_29' title='bbox 285 616 410 681; x_wconf 83' lang='lat' dir='ltr'>Peliam</span> <span class='ocrx_word' id='word_1_30' title='bbox 433 616 600 681; x_wconf 87' lang='lat' dir='ltr'>recoxerit.</span> <span class='ocrx_word' id='word_1_31' title='bbox 632 616 676 680; x_wconf 84' lang='lat' dir='ltr'>Et</span> <span class='ocrx_word' id='word_1_32' title='bbox 699 617 728 680; x_wconf 89' lang='lat' dir='ltr'>si</span> <span class='ocrx_word' id='word_1_33' title='bbox 751 617 822 701; x_wconf 86' lang='lat' dir='ltr'>quis</span> <span class='ocrx_word' id='word_1_34' title='bbox 842 616 918 682; x_wconf 88' lang='lat' dir='ltr'>deus</span> <span class='ocrx_word' id='word_1_35' title='bbox 938 617 1018 681; x_wconf 90' lang='lat' dir='ltr'>mihi</span> <span class='ocrx_word' id='word_1_36' title='bbox 1036 617 1099 682; x_wconf 88' lang='lat' dir='ltr'>lar·</span> 
     </span>
     <span class='ocr_line' id='line_1_6' title="bbox 96 704 1101 791; baseline 0.002 -23"><span class='ocrx_word' id='word_1_37' title='bbox 96 705 221 791; x_wconf 81' lang='lat' dir='ltr'>gistur,</span> <span class='ocrx_word' id='word_1_38' title='bbox 242 707 280 769; x_wconf 94' lang='lat' dir='ltr'>ut</span> <span class='ocrx_word' id='word_1_39' title='bbox 303 726 342 768; x_wconf 88' lang='lat' dir='ltr'>ex</span> <span class='ocrx_word' id='word_1_40' title='bbox 363 704 425 768; x_wconf 87' lang='lat' dir='ltr'>hac</span> <span class='ocrx_word' id='word_1_41' title='bbox 448 707 554 769; x_wconf 86' lang='lat' dir='ltr'>aetate</span> <span class='ocrx_word' id='word_1_42' title='bbox 576 726 800 789; x_wconf 80' lang='lat' dir='ltr'>repuerascam</span> <span class='ocrx_word' id='word_1_43' title='bbox 823 708 856 769; x_wconf 93' lang='lat' dir='ltr'>et</span> <span class='ocrx_word' id='word_1_44' title='bbox 876 705 912 769; x_wconf 90' lang='lat' dir='ltr'>in</span> <span class='ocrx_word' id='word_1_45' title='bbox 935 705 1025 770; x_wconf 89' lang='lat' dir='ltr'>cunis</span> <span class='ocrx_word' id='word_1_46' title='bbox 1047 727 1101 771; x_wconf 77' lang='lat' dir='ltr'>va</span> 
     </span>
     <span class='ocr_line' id='line_1_7' title="bbox 96 789 1100 878; baseline 0.002 -22"><span class='ocrx_word' id='word_1_47' title='bbox 96 793 198 878; x_wconf 84' lang='lat' dir='ltr'>giam,</span> <span class='ocrx_word' id='word_1_48' title='bbox 230 791 325 857; x_wconf 84' lang='lat' dir='ltr'>valde</span> <span class='ocrx_word' id='word_1_49' title='bbox 347 789 496 856; x_wconf 84' lang='lat' dir='ltr'>&#39;recusem</span> <span class='ocrx_word' id='word_1_50' title='bbox 523 813 582 857; x_wconf 90' lang='lat' dir='ltr'>nec</span> <span class='ocrx_word' id='word_1_51' title='bbox 608 814 684 857; x_wconf 85' lang='lat' dir='ltr'>vero</span> <span class='ocrx_word' id='word_1_52' title='bbox 711 792 810 858; x_wconf 86' lang='lat' dir='ltr'>velim</span> <span class='ocrx_word' id='word_1_53' title='bbox 842 793 935 876; x_wconf 89' lang='lat' dir='ltr'>quasi</span> <span class='ocrx_word' id='word_1_54' title='bbox 967 792 1100 859; x_wconf 88' lang='lat' dir='ltr'>decurso</span> 
     </span>
     <span class='ocr_line' id='line_1_8' title="bbox 96 879 1152 964; baseline 0.001 -19"><span class='ocrx_word' id='word_1_55' title='bbox 96 881 204 964; x_wconf 90' lang='lat' dir='ltr'>spatio</span> <span class='ocrx_word' id='word_1_56' title='bbox 228 880 268 944; x_wconf 90' lang='lat' dir='ltr'>ad</span> <span class='ocrx_word' id='word_1_57' title='bbox 286 901 429 945; x_wconf 82' lang='lat' dir='ltr'>carceres</span> <span class='ocrx_word' id='word_1_58' title='bbox 449 903 468 944; x_wconf 91' lang='lat' dir='ltr'>a</span> <span class='ocrx_word' id='word_1_59' title='bbox 487 881 573 945; x_wconf 86' lang='lat' dir='ltr'>calce</span> <span class='ocrx_word' id='word_1_60' title='bbox 591 880 745 946; x_wconf 86' lang='lat' dir='ltr'>revocari.</span> <span class='ocrx_word' id='word_1_61' title='bbox 790 879 873 955; x_wconf 84' lang='lat' dir='ltr'>Quid</span> <span class='ocrx_word' id='word_1_62' title='bbox 891 881 992 946; x_wconf 89' lang='lat' dir='ltr'>habet</span> <span class='ocrx_word' id='word_1_63' title='bbox 1015 881 1101 946; x_wconf 90' lang='lat' dir='ltr'>enim</span> <span class='ocrx_word' id='word_1_64' title='bbox 1119 887 1152 938; x_wconf 83' lang='grc'>84</span> 
     </span>
     <span class='ocr_line' id='line_1_9' title="bbox 98 966 1100 1052; baseline 0 -19"><span class='ocrx_word' id='word_1_65' title='bbox 98 969 168 1033; x_wconf 88' lang='lat' dir='ltr'>vita</span> <span class='ocrx_word' id='word_1_66' title='bbox 191 967 372 1033; x_wconf 83' lang='lat' dir='ltr'>commodi?</span> <span class='ocrx_word' id='word_1_67' title='bbox 401 967 485 1051; x_wconf 86' lang='lat' dir='ltr'>quid¹</span> <span class='ocrx_word' id='word_1_68' title='bbox 499 990 566 1033; x_wconf 90' lang='lat' dir='ltr'>non</span> <span class='ocrx_word' id='word_1_69' title='bbox 587 968 695 1052; x_wconf 90' lang='lat' dir='ltr'>potius</span> <span class='ocrx_word' id='word_1_70' title='bbox 719 968 864 1033; x_wconf 82' lang='lat' dir='ltr'>laboris?</span> <span class='ocrx_word' id='word_1_71' title='bbox 896 966 958 1033; x_wconf 83' lang='lat' dir='ltr'>Sed</span> <span class='ocrx_word' id='word_1_72' title='bbox 980 969 1100 1033; x_wconf 90' lang='lat' dir='ltr'>habeat</span> 
     </span>
     <span class='ocr_line' id='line_1_10' title="bbox 97 1056 1100 1140; baseline 0.003 -20"><span class='ocrx_word' id='word_1_73' title='bbox 97 1077 187 1140; x_wconf 90' lang='lat' dir='ltr'>saue,</span> <span class='ocrx_word' id='word_1_74' title='bbox 219 1056 318 1120; x_wconf 90' lang='lat' dir='ltr'>habet</span> <span class='ocrx_word' id='word_1_75' title='bbox 341 1059 427 1120; x_wconf 88' lang='lat' dir='ltr'>certo</span> <span class='ocrx_word' id='word_1_76' title='bbox 454 1058 565 1120; x_wconf 89' lang='lat' dir='ltr'>tamen</span> <span class='ocrx_word' id='word_1_77' title='bbox 587 1060 644 1121; x_wconf 87' lang='lat' dir='ltr'>aut</span> <span class='ocrx_word' id='word_1_78' title='bbox 674 1056 859 1121; x_wconf 86' lang='lat' dir='ltr'>satietatem</span> <span class='ocrx_word' id='word_1_79' title='bbox 883 1059 939 1120; x_wconf 86' lang='lat' dir='ltr'>aut</span> <span class='ocrx_word' id='word_1_80' title='bbox 961 1057 1100 1123; x_wconf 90' lang='lat' dir='ltr'>modum.</span> 
     </span>
     <span class='ocr_line' id='line_1_11' title="bbox 95 1143 1101 1229; baseline 0.001 -21"><span class='ocrx_word' id='word_1_81' title='bbox 95 1143 172 1208; x_wconf 91' lang='lat' dir='ltr'>Non</span> <span class='ocrx_word' id='word_1_82' title='bbox 195 1144 286 1208; x_wconf 90' lang='lat' dir='ltr'>lubet</span> <span class='ocrx_word' id='word_1_83' title='bbox 309 1144 395 1208; x_wconf 92' lang='lat' dir='ltr'>enim</span> <span class='ocrx_word' id='word_1_84' title='bbox 417 1143 498 1208; x_wconf 91' lang='lat' dir='ltr'>mihi</span> <span class='ocrx_word' id='word_1_85' title='bbox 521 1143 690 1229; x_wconf 89' lang='lat' dir='ltr'>deplorare</span> <span class='ocrx_word' id='word_1_86' title='bbox 707 1144 819 1228; x_wconf 85' lang='lat' dir='ltr'>vitam,</span> <span class='ocrx_word' id='word_1_87' title='bbox 842 1144 928 1228; x_wconf 91' lang='lat' dir='ltr'>quod</span> <span class='ocrx_word' id='word_1_88' title='bbox 946 1145 1049 1227; x_wconf 91' lang='lat' dir='ltr'>multi,</span> <span class='ocrx_word' id='word_1_89' title='bbox 1068 1147 1101 1209; x_wconf 91' lang='lat' dir='ltr'>et</span> 
     </span>
     <span class='ocr_line' id='line_1_12' title="bbox 94 1231 1101 1317; baseline 0 -21"><span class='ocrx_word' id='word_1_90' title='bbox 94 1233 120 1296; x_wconf 87' lang='lat' dir='ltr'>ii</span> <span class='ocrx_word' id='word_1_91' title='bbox 147 1231 247 1315; x_wconf 88' lang='lat' dir='ltr'>docti,</span> <span class='ocrx_word' id='word_1_92' title='bbox 279 1253 374 1316; x_wconf 88' lang='lat' dir='ltr'>saepe</span> <span class='ocrx_word' id='word_1_93' title='bbox 401 1231 560 1316; x_wconf 83' lang='lat' dir='ltr'>fecerunt,</span> <span class='ocrx_word' id='word_1_94' title='bbox 590 1254 694 1316; x_wconf 88' lang='lat' dir='ltr'>neque</span> <span class='ocrx_word' id='word_1_95' title='bbox 721 1254 773 1296; x_wconf 89' lang='lat' dir='ltr'>me</span> <span class='ocrx_word' id='word_1_96' title='bbox 799 1232 919 1297; x_wconf 85' lang='lat' dir='ltr'>vixisse</span> <span class='ocrx_word' id='word_1_97' title='bbox 947 1233 1101 1317; x_wconf 88' lang='lat' dir='ltr'>paenitet,</span> 
     </span>
     <span class='ocr_line' id='line_1_13' title="bbox 96 1319 1101 1404; baseline 0 -20"><span class='ocrx_word' id='word_1_98' title='bbox 96 1319 249 1404; x_wconf 90' lang='lat' dir='ltr'>quoniam</span> <span class='ocrx_word' id='word_1_99' title='bbox 271 1319 319 1384; x_wconf 87' lang='lat' dir='ltr'>ita</span> <span class='ocrx_word' id='word_1_100' title='bbox 339 1319 414 1402; x_wconf 85' lang='lat' dir='ltr'>vixi,</span> <span class='ocrx_word' id='word_1_101' title='bbox 436 1322 473 1384; x_wconf 95' lang='lat' dir='ltr'>ut</span> <span class='ocrx_word' id='word_1_102' title='bbox 492 1342 559 1385; x_wconf 88' lang='lat' dir='ltr'>non</span> <span class='ocrx_word' id='word_1_103' title='bbox 571 1319 695 1384; x_wconf 89' lang='lat' dir='ltr'>frustra</span> <span class='ocrx_word' id='word_1_104' title='bbox 708 1342 760 1384; x_wconf 92' lang='lat' dir='ltr'>me</span> <span class='ocrx_word' id='word_1_105' title='bbox 772 1324 887 1385; x_wconf 89' lang='lat' dir='ltr'>natum</span> <span class='ocrx_word' id='word_1_106' title='bbox 901 1320 1101 1404; x_wconf 88' lang='lat' dir='ltr'>existumem,</span> 
     </span>
     <span class='ocr_line' id='line_1_14' title="bbox 97 1407 1101 1493; baseline 0.001 -21"><span class='ocrx_word' id='word_1_107' title='bbox 97 1412 130 1472; x_wconf 89' lang='lat' dir='ltr'>et</span> <span class='ocrx_word' id='word_1_108' title='bbox 154 1430 192 1472; x_wconf 91' lang='lat' dir='ltr'>ex</span> <span class='ocrx_word' id='word_1_109' title='bbox 214 1407 284 1473; x_wconf 87' lang='lat' dir='ltr'>vita</span> <span class='ocrx_word' id='word_1_110' title='bbox 306 1408 355 1471; x_wconf 95' lang='lat' dir='ltr'>ita</span> <span class='ocrx_word' id='word_1_111' title='bbox 377 1407 504 1472; x_wconf 89' lang='lat' dir='ltr'>discedo</span> <span class='ocrx_word' id='word_1_112' title='bbox 523 1410 689 1491; x_wconf 79' lang='lat' dir='ltr'>tamquam</span> <span class='ocrx_word' id='word_1_113' title='bbox 709 1430 748 1472; x_wconf 88' lang='lat' dir='ltr'>ex</span> <span class='ocrx_word' id='word_1_114' title='bbox 766 1409 919 1493; x_wconf 89' lang='lat' dir='ltr'>hospiti0,</span> <span class='ocrx_word' id='word_1_115' title='bbox 940 1431 1007 1473; x_wconf 88' lang='lat' dir='ltr'>non</span> <span class='ocrx_word' id='word_1_116' title='bbox 1020 1412 1101 1473; x_wconf 91' lang='lat' dir='ltr'>tam·</span> 
     </span>
     <span class='ocr_line' id='line_1_15' title="bbox 96 1493 1101 1580; baseline 0.001 -20"><span class='ocrx_word' id='word_1_117' title='bbox 96 1519 194 1580; x_wconf 88' lang='lat' dir='ltr'>quam</span> <span class='ocrx_word' id='word_1_118' title='bbox 217 1517 234 1560; x_wconf 88' lang='lat' dir='ltr'>e</span> <span class='ocrx_word' id='word_1_119' title='bbox 257 1496 362 1560; x_wconf 92' lang='lat' dir='ltr'>domo.</span> <span class='ocrx_word' id='word_1_120' title='bbox 392 1493 621 1560; x_wconf 81' lang='lat' dir='ltr'>Commorandi</span> <span class='ocrx_word' id='word_1_121' title='bbox 639 1496 725 1560; x_wconf 91' lang='lat' dir='ltr'>enim</span> <span class='ocrx_word' id='word_1_122' title='bbox 742 1500 861 1560; x_wconf 88' lang='lat' dir='ltr'>natura</span> <span class='ocrx_word' id='word_1_123' title='bbox 880 1496 1101 1561; x_wconf 87' lang='lat' dir='ltr'>devorsorium</span> 
     </span>
     <span class='ocr_line' id='line_1_16' title="bbox 95 1582 1101 1669; baseline 0.001 -21"><span class='ocrx_word' id='word_1_124' title='bbox 95 1584 200 1667; x_wconf 89' lang='lat' dir='ltr'>nobis,</span> <span class='ocrx_word' id='word_1_125' title='bbox 222 1605 289 1648; x_wconf 91' lang='grc'>11011</span> <span class='ocrx_word' id='word_1_126' title='bbox 310 1582 480 1648; x_wconf 87' lang='lat' dir='ltr'>habitandi</span> <span class='ocrx_word' id='word_1_127' title='bbox 503 1584 600 1648; x_wconf 89' lang='lat' dir='ltr'>dedit.</span> <span class='ocrx_word' id='word_1_128' title='bbox 636 1582 663 1647; x_wconf 94' lang='grc' dir='ltr'>Ο</span> <span class='ocrx_word' id='word_1_129' title='bbox 685 1585 889 1668; x_wconf 88' lang='lat' dir='ltr'>praeclarum</span> <span class='ocrx_word' id='word_1_130' title='bbox 912 1584 1005 1669; x_wconf 88' lang='lat' dir='ltr'>diem,</span> <span class='ocrx_word' id='word_1_131' title='bbox 1028 1607 1101 1649; x_wconf 89' lang='lat' dir='ltr'>oum</span> 
     </span>
     <span class='ocr_line' id='line_1_17' title="bbox 97 1671 1102 1756; baseline -0.001 -19"><span class='ocrx_word' id='word_1_132' title='bbox 97 1674 131 1737; x_wconf 90' lang='lat' dir='ltr'>in</span> <span class='ocrx_word' id='word_1_133' title='bbox 154 1671 237 1735; x_wconf 91' lang='lat' dir='ltr'>illud</span> <span class='ocrx_word' id='word_1_134' title='bbox 259 1671 405 1737; x_wconf 84' lang='lat' dir='ltr'>divinum</span> <span class='ocrx_word' id='word_1_135' title='bbox 428 1671 608 1736; x_wconf 87' lang='lat' dir='ltr'>animorum</span> <span class='ocrx_word' id='word_1_136' title='bbox 632 1671 804 1736; x_wconf 87' lang='lat' dir='ltr'>concilium</span> <span class='ocrx_word' id='word_1_137' title='bbox 822 1676 1012 1756; x_wconf 88' lang='lat' dir='ltr'>coetumque</span> <span class='ocrx_word' id='word_1_138' title='bbox 1030 1694 1102 1756; x_wconf 90' lang='lat' dir='ltr'>pro-</span> 
     </span>
     <span class='ocr_line' id='line_1_18' title="bbox 96 1759 1100 1842; baseline 0 -18"><span class='ocrx_word' id='word_1_139' title='bbox 96 1759 223 1824; x_wconf 86' lang='lat' dir='ltr'>ficiscar</span> <span class='ocrx_word' id='word_1_140' title='bbox 246 1781 381 1842; x_wconf 92' lang='lat' dir='ltr'>cumque</span> <span class='ocrx_word' id='word_1_141' title='bbox 405 1781 443 1823; x_wconf 89' lang='lat' dir='ltr'>ex</span> <span class='ocrx_word' id='word_1_142' title='bbox 466 1759 527 1824; x_wconf 88' lang='lat' dir='ltr'>hac</span> <span class='ocrx_word' id='word_1_143' title='bbox 549 1759 1100 1825; x_wconf 73' lang='grc' dir='ltr'>11111)οο100111111101101111001101111</span> 
     </span>
     <span class='ocr_line' id='line_1_19' title="bbox 95 1847 1101 1932; baseline -0.001 -19"><span class='ocrx_word' id='word_1_144' title='bbox 95 1847 287 1913; x_wconf 87' lang='lat' dir='ltr'>Proficiscar</span> <span class='ocrx_word' id='word_1_145' title='bbox 314 1847 399 1912; x_wconf 87' lang='lat' dir='ltr'>enim</span> <span class='ocrx_word' id='word_1_146' title='bbox 420 1869 487 1912; x_wconf 91' lang='lat' dir='ltr'>non</span> <span class='ocrx_word' id='word_1_147' title='bbox 510 1847 550 1912; x_wconf 90' lang='lat' dir='ltr'>ad</span> <span class='ocrx_word' id='word_1_148' title='bbox 574 1869 628 1912; x_wconf 90' lang='lat' dir='ltr'>eos</span> <span class='ocrx_word' id='word_1_149' title='bbox 657 1848 763 1912; x_wconf 91' lang='lat' dir='ltr'>solum</span> <span class='ocrx_word' id='word_1_150' title='bbox 790 1847 890 1932; x_wconf 89' lang='lat' dir='ltr'>viros,</span> <span class='ocrx_word' id='word_1_151' title='bbox 918 1849 956 1912; x_wconf 91' lang='lat' dir='ltr'>de</span> <span class='ocrx_word' id='word_1_152' title='bbox 984 1848 1101 1932; x_wconf 90' lang='lat' dir='ltr'>quibus</span> 
     </span>
     <span class='ocr_line' id='line_1_20' title="bbox 98 1934 1100 2020; baseline 0 -20"><span class='ocrx_word' id='word_1_153' title='bbox 98 1940 173 2000; x_wconf 89' lang='lat' dir='ltr'>ante</span> <span class='ocrx_word' id='word_1_154' title='bbox 197 1935 271 2019; x_wconf 85' lang='lat' dir='ltr'>dixi,</span> <span class='ocrx_word' id='word_1_155' title='bbox 292 1957 404 1999; x_wconf 88' lang='lat' dir='ltr'>verum</span> <span class='ocrx_word' id='word_1_156' title='bbox 428 1935 527 1999; x_wconf 91' lang='lat' dir='ltr'>etiam</span> <span class='ocrx_word' id='word_1_157' title='bbox 548 1936 588 2000; x_wconf 88' lang='lat' dir='ltr'>ad</span> <span class='ocrx_word' id='word_1_158' title='bbox 607 1934 765 2001; x_wconf 80' lang='lat' dir='ltr'>Catonem</span> <span class='ocrx_word' id='word_1_159' title='bbox 783 1958 899 2019; x_wconf 89' lang='lat' dir='ltr'>meum,</span> <span class='ocrx_word' id='word_1_160' title='bbox 923 1958 986 2020; x_wconf 91' lang='lat' dir='ltr'>quo</span> <span class='ocrx_word' id='word_1_161' title='bbox 1004 1958 1100 2000; x_wconf 91' lang='lat' dir='ltr'>nemo</span> 
     </span>
     <span class='ocr_line' id='line_1_21' title="bbox 97 2023 1100 2109; baseline -0.001 -21"><span class='ocrx_word' id='word_1_162' title='bbox 97 2024 149 2089; x_wconf 86' lang='lat' dir='ltr'>vir</span> <span class='ocrx_word' id='word_1_163' title='bbox 166 2023 280 2087; x_wconf 88' lang='lat' dir='ltr'>melior</span> <span class='ocrx_word' id='word_1_164' title='bbox 302 2027 478 2107; x_wconf 89' lang='lat' dir='ltr'>natusest,</span> <span class='ocrx_word' id='word_1_165' title='bbox 499 2046 594 2088; x_wconf 89' lang='lat' dir='ltr'>nemo</span> <span class='ocrx_word' id='word_1_166' title='bbox 612 2024 735 2109; x_wconf 89' lang='lat' dir='ltr'>pietate</span> <span class='ocrx_word' id='word_1_167' title='bbox 758 2024 989 2108; x_wconf 70' lang='lat' dir='ltr'>praestantior,</span> <span class='ocrx_word' id='word_1_168' title='bbox 1012 2025 1100 2089; x_wconf 90' lang='lat' dir='ltr'>cuius</span> 
     </span>
     <span class='ocr_line' id='line_1_22' title="bbox 98 2112 1101 2197; baseline 0.002 -22"><span class='ocrx_word' id='word_1_169' title='bbox 98 2135 118 2176; x_wconf 95' lang='lat' dir='ltr'>a</span> <span class='ocrx_word' id='word_1_170' title='bbox 141 2133 192 2175; x_wconf 93' lang='lat' dir='ltr'>me</span> <span class='ocrx_word' id='word_1_171' title='bbox 220 2133 336 2195; x_wconf 88' lang='lat' dir='ltr'>corpus</span> <span class='ocrx_word' id='word_1_172' title='bbox 364 2115 414 2175; x_wconf 88' lang='lat' dir='ltr'>est</span> <span class='ocrx_word' id='word_1_173' title='bbox 442 2115 633 2197; x_wconf 89' lang='lat' dir='ltr'>crematum,</span> <span class='ocrx_word' id='word_1_174' title='bbox 665 2112 751 2197; x_wconf 89' lang='lat' dir='ltr'>quod</span> <span class='ocrx_word' id='word_1_175' title='bbox 773 2115 886 2177; x_wconf 88' lang='lat' dir='ltr'>eontra</span> <span class='ocrx_word' id='word_1_176' title='bbox 909 2112 1027 2196; x_wconf 86' lang='lat' dir='ltr'>decuit,</span> <span class='ocrx_word' id='word_1_177' title='bbox 1060 2113 1101 2177; x_wconf 91' lang='lat' dir='ltr'>ab</span> 
     </span>
     <span class='ocr_line' id='line_1_23' title="bbox 96 2199 1102 2284; baseline -0.001 -20"><span class='ocrx_word' id='word_1_178' title='bbox 96 2200 157 2264; x_wconf 93' lang='lat' dir='ltr'>illo</span> <span class='ocrx_word' id='word_1_179' title='bbox 189 2221 308 2283; x_wconf 89' lang='lat' dir='ltr'>meum,</span> <span class='ocrx_word' id='word_1_180' title='bbox 341 2199 467 2263; x_wconf 89' lang='lat' dir='ltr'>animus</span> <span class='ocrx_word' id='word_1_181' title='bbox 498 2222 575 2265; x_wconf 80' lang='lat' dir='ltr'>vero</span> <span class='ocrx_word' id='word_1_182' title='bbox 601 2222 668 2265; x_wconf 90' lang='lat' dir='ltr'>non</span> <span class='ocrx_word' id='word_1_183' title='bbox 697 2222 749 2264; x_wconf 89' lang='lat' dir='ltr'>me</span> <span class='ocrx_word' id='word_1_184' title='bbox 777 2201 939 2284; x_wconf 89' lang='lat' dir='ltr'>deserens,</span> <span class='ocrx_word' id='word_1_185' title='bbox 971 2201 1028 2264; x_wconf 91' lang='lat' dir='ltr'>sed</span> <span class='ocrx_word' id='word_1_186' title='bbox 1054 2221 1102 2263; x_wconf 90' lang='lat' dir='ltr'>re·</span> 
     </span>
     <span class='ocr_line' id='line_1_24' title="bbox 98 2287 1102 2372; baseline -0.002 -20"><span class='ocrx_word' id='word_1_187' title='bbox 98 2291 248 2372; x_wconf 86' lang='lat' dir='ltr'>spectans</span> <span class='ocrx_word' id='word_1_188' title='bbox 271 2287 306 2351; x_wconf 90' lang='lat' dir='ltr'>in</span> <span class='ocrx_word' id='word_1_189' title='bbox 329 2309 367 2352; x_wconf 89' lang='lat' dir='ltr'>ea</span> <span class='ocrx_word' id='word_1_190' title='bbox 388 2287 534 2371; x_wconf 82' lang='lat' dir='ltr'>profecto</span> <span class='ocrx_word' id='word_1_191' title='bbox 556 2289 629 2353; x_wconf 93' lang='lat' dir='ltr'>loca</span> <span class='ocrx_word' id='word_1_192' title='bbox 653 2288 815 2372; x_wconf 85' lang='lat' dir='ltr'>discessit,</span> <span class='ocrx_word' id='word_1_193' title='bbox 843 2309 907 2371; x_wconf 89' lang='lat' dir='ltr'>quo</span> <span class='ocrx_word' id='word_1_194' title='bbox 930 2288 1011 2352; x_wconf 91' lang='lat' dir='ltr'>mihi</span> <span class='ocrx_word' id='word_1_195' title='bbox 1038 2287 1102 2372; x_wconf 92' lang='lat' dir='ltr'>ipsi</span> 
     </span>
     <span class='ocr_line' id='line_1_25' title="bbox 99 2375 1101 2461; baseline -0.003 -20"><span class='ocrx_word' id='word_1_196' title='bbox 99 2376 252 2441; x_wconf 88' lang='lat' dir='ltr'>cernebat</span> <span class='ocrx_word' id='word_1_197' title='bbox 279 2396 350 2439; x_wconf 89' lang='lat' dir='ltr'>esse</span> <span class='ocrx_word' id='word_1_198' title='bbox 376 2375 576 2440; x_wconf 87' lang='lat' dir='ltr'>veniendum.</span> <span class='ocrx_word' id='word_1_199' title='bbox 622 2375 724 2451; x_wconf 83' lang='lat' dir='ltr'>Quem</span> <span class='ocrx_word' id='word_1_200' title='bbox 758 2397 819 2461; x_wconf 84' lang='lat' dir='ltr'>ego</span> <span class='ocrx_word' id='word_1_201' title='bbox 852 2397 959 2440; x_wconf 91' lang='lat' dir='ltr'>meum</span> <span class='ocrx_word' id='word_1_202' title='bbox 990 2397 1101 2440; x_wconf 87' lang='lat' dir='ltr'>casum</span> 
     </span>
     <span class='ocr_line' id='line_1_26' title="bbox 97 2462 1102 2547; baseline -0.001 -20"><span class='ocrx_word' id='word_1_203' title='bbox 97 2463 229 2528; x_wconf 88' lang='lat' dir='ltr'>fortiter</span> <span class='ocrx_word' id='word_1_204' title='bbox 250 2462 335 2526; x_wconf 84' lang='lat' dir='ltr'>ferre</span> <span class='ocrx_word' id='word_1_205' title='bbox 353 2463 442 2527; x_wconf 84' lang='lat' dir='ltr'>visus</span> <span class='ocrx_word' id='word_1_206' title='bbox 462 2485 542 2547; x_wconf 91' lang='lat' dir='ltr'>sum,</span> <span class='ocrx_word' id='word_1_207' title='bbox 563 2484 629 2528; x_wconf 90' lang='grc'>11011</span> <span class='ocrx_word' id='word_1_208' title='bbox 643 2485 706 2547; x_wconf 91' lang='lat' dir='ltr'>quo</span> <span class='ocrx_word' id='word_1_209' title='bbox 726 2483 828 2547; x_wconf 88' lang='lat' dir='ltr'>aequo</span> <span class='ocrx_word' id='word_1_210' title='bbox 848 2463 955 2527; x_wconf 88' lang='lat' dir='ltr'>animo</span> <span class='ocrx_word' id='word_1_211' title='bbox 974 2463 1102 2546; x_wconf 89' lang='lat' dir='ltr'>ferrem,</span> 
     </span>
     <span class='ocr_line' id='line_1_27' title="bbox 99 2550 1102 2634; baseline -0.002 -18"><span class='ocrx_word' id='word_1_212' title='bbox 99 2551 156 2616; x_wconf 89' lang='lat' dir='ltr'>sed</span> <span class='ocrx_word' id='word_1_213' title='bbox 179 2572 230 2615; x_wconf 87' lang='lat' dir='ltr'>me</span> <span class='ocrx_word' id='word_1_214' title='bbox 252 2550 322 2634; x_wconf 87' lang='lat' dir='ltr'>ipse</span> <span class='ocrx_word' id='word_1_215' title='bbox 345 2551 538 2616; x_wconf 86' lang='lat' dir='ltr'>consolabar</span> <span class='ocrx_word' id='word_1_216' title='bbox 567 2551 765 2615; x_wconf 86' lang='lat' dir='ltr'>existumans</span> <span class='ocrx_word' id='word_1_217' title='bbox 792 2572 859 2614; x_wconf 92' lang='lat' dir='ltr'>non</span> <span class='ocrx_word' id='word_1_218' title='bbox 886 2551 1102 2634; x_wconf 79' lang='lat' dir='ltr'>longinquum</span> 
     </span>
     <span class='ocr_line' id='line_1_28' title="bbox 97 2636 1154 2723; baseline -0.002 -21"><span class='ocrx_word' id='word_1_219' title='bbox 97 2640 184 2703; x_wconf 87' lang='lat' dir='ltr'>inter</span> <span class='ocrx_word' id='word_1_220' title='bbox 219 2660 279 2703; x_wconf 91' lang='lat' dir='ltr'>nos</span> <span class='ocrx_word' id='word_1_221' title='bbox 320 2638 501 2723; x_wconf 84' lang='lat' dir='ltr'>digressum</span> <span class='ocrx_word' id='word_1_222' title='bbox 535 2642 568 2703; x_wconf 95' lang='lat' dir='ltr'>et</span> <span class='ocrx_word' id='word_1_223' title='bbox 600 2638 774 2703; x_wconf 88' lang='lat' dir='ltr'>discessum</span> <span class='ocrx_word' id='word_1_224' title='bbox 805 2636 884 2702; x_wconf 84' lang='lat' dir='ltr'>fore.</span> <span class='ocrx_word' id='word_1_225' title='bbox 928 2637 989 2700; x_wconf 87' lang='lat' dir='ltr'>His</span> <span class='ocrx_word' id='word_1_226' title='bbox 1021 2636 1102 2700; x_wconf 84' lang='lat' dir='ltr'>mihi</span> <span class='ocrx_word' id='word_1_227' title='bbox 1121 2650 1154 2701; x_wconf 79' lang='lat'>85</span> 
     </span>
     <span class='ocr_line' id='line_1_29' title="bbox 98 2724 1101 2811; baseline -0.003 -20"><span class='ocrx_word' id='word_1_228' title='bbox 98 2728 205 2809; x_wconf 90' lang='lat' dir='ltr'>rebus,</span> <span class='ocrx_word' id='word_1_229' title='bbox 228 2724 344 2810; x_wconf 84' lang='lat' dir='ltr'>Scipio,</span> <span class='ocrx_word' id='word_1_230' title='bbox 367 2724 414 2811; x_wconf 83' lang='lat' dir='ltr'>(id</span> <span class='ocrx_word' id='word_1_231' title='bbox 437 2727 522 2790; x_wconf 88' lang='lat' dir='ltr'>enim</span> <span class='ocrx_word' id='word_1_232' title='bbox 545 2729 579 2791; x_wconf 91' lang='lat' dir='ltr'>te</span> <span class='ocrx_word' id='word_1_233' title='bbox 600 2748 672 2791; x_wconf 90' lang='lat' dir='ltr'>cum</span> <span class='ocrx_word' id='word_1_234' title='bbox 690 2725 801 2790; x_wconf 88' lang='lat' dir='ltr'>Laelio</span> <span class='ocrx_word' id='word_1_235' title='bbox 825 2724 979 2788; x_wconf 89' lang='lat' dir='ltr'>admirari</span> <span class='ocrx_word' id='word_1_236' title='bbox 997 2724 1101 2788; x_wconf 90' lang='lat' dir='ltr'>solere</span> 
     </span>
     <span class='ocr_line' id='line_1_30' title="bbox 100 2810 1103 2900; baseline -0.005 -21"><span class='ocrx_word' id='word_1_237' title='bbox 100 2813 225 2900; x_wconf 85' lang='lat' dir='ltr'>dixisti)</span> <span class='ocrx_word' id='word_1_238' title='bbox 247 2814 328 2878; x_wconf 83' lang='lat' dir='ltr'>levis</span> <span class='ocrx_word' id='word_1_239' title='bbox 351 2818 401 2878; x_wconf 92' lang='lat' dir='ltr'>est</span> <span class='ocrx_word' id='word_1_240' title='bbox 422 2817 579 2898; x_wconf 88' lang='lat' dir='ltr'>senectus,</span> <span class='ocrx_word' id='word_1_241' title='bbox 596 2835 655 2878; x_wconf 89' lang='lat' dir='ltr'>neo</span> <span class='ocrx_word' id='word_1_242' title='bbox 673 2814 779 2878; x_wconf 90' lang='lat' dir='ltr'>solum</span> <span class='ocrx_word' id='word_1_243' title='bbox 797 2834 863 2877; x_wconf 87' lang='lat' dir='ltr'>non</span> <span class='ocrx_word' id='word_1_244' title='bbox 880 2812 1028 2894; x_wconf 87' lang='lat' dir='ltr'>molesta,</span> <span class='ocrx_word' id='word_1_245' title='bbox 1047 2810 1103 2874; x_wconf 93' lang='lat' dir='ltr'>sed</span> 
     </span>
     <span class='ocr_line' id='line_1_31' title="bbox 100 2898 1103 2983; baseline -0.005 -17"><span class='ocrx_word' id='word_1_246' title='bbox 100 2903 200 2967; x_wconf 88' lang='lat' dir='ltr'>etiam</span> <span class='ocrx_word' id='word_1_247' title='bbox 223 2901 369 2966; x_wconf 88' lang='lat' dir='ltr'>iucunda.</span> <span class='ocrx_word' id='word_1_248' title='bbox 405 2901 526 2977; x_wconf 84' lang='lat' dir='ltr'>Quodsi</span> <span class='ocrx_word' id='word_1_249' title='bbox 553 2902 588 2965; x_wconf 92' lang='lat' dir='ltr'>in</span> <span class='ocrx_word' id='word_1_250' title='bbox 614 2901 676 2965; x_wconf 95' lang='grc'>1100</span> <span class='ocrx_word' id='word_1_251' title='bbox 704 2922 789 2983; x_wconf 85' lang='grc'>0110,</span> <span class='ocrx_word' id='word_1_252' title='bbox 816 2899 872 2983; x_wconf 91' lang='lat' dir='ltr'>qui</span> <span class='ocrx_word' id='word_1_253' title='bbox 894 2898 1019 2963; x_wconf 91' lang='lat' dir='ltr'>animos</span> <span class='ocrx_word' id='word_1_254' title='bbox 1046 2899 1103 2962; x_wconf 94' lang='lat' dir='ltr'>ho-</span> 
     </span>
     <span class='ocr_line' id='line_1_32' title="bbox 99 2988 1103 3073; baseline -0.003 -20"><span class='ocrx_word' id='word_1_255' title='bbox 99 2990 223 3053; x_wconf 91' lang='lat' dir='ltr'>minum</span> <span class='ocrx_word' id='word_1_256' title='bbox 255 2989 444 3054; x_wconf 85' lang='lat' dir='ltr'>inmortales</span> <span class='ocrx_word' id='word_1_257' title='bbox 481 3011 551 3053; x_wconf 87' lang='lat' dir='ltr'>esse</span> <span class='ocrx_word' id='word_1_258' title='bbox 587 2989 728 3073; x_wconf 88' lang='lat' dir='ltr'>credam,</span> <span class='ocrx_word' id='word_1_259' title='bbox 764 2988 904 3052; x_wconf 89' lang='lat' dir='ltr'>libenter</span> <span class='ocrx_word' id='word_1_260' title='bbox 940 3007 1011 3050; x_wconf 89' lang='lat' dir='ltr'>erro</span> <span class='ocrx_word' id='word_1_261' title='bbox 1043 3007 1103 3051; x_wconf 89' lang='lat' dir='ltr'>nec</span> 
     </span>
     <span class='ocr_line' id='line_1_33' title="bbox 99 3073 1103 3162; baseline -0.005 -20"><span class='ocrx_word' id='word_1_262' title='bbox 99 3077 181 3142; x_wconf 90' lang='lat' dir='ltr'>mihi</span> <span class='ocrx_word' id='word_1_263' title='bbox 203 3077 288 3142; x_wconf 90' lang='lat' dir='ltr'>hunc</span> <span class='ocrx_word' id='word_1_264' title='bbox 307 3099 457 3161; x_wconf 90' lang='lat' dir='ltr'>errorem,</span> <span class='ocrx_word' id='word_1_265' title='bbox 476 3099 539 3162; x_wconf 92' lang='lat' dir='ltr'>quo</span> <span class='ocrx_word' id='word_1_266' title='bbox 559 3076 709 3160; x_wconf 88' lang='lat' dir='ltr'>delector,</span> <span class='ocrx_word' id='word_1_267' title='bbox 727 3076 804 3140; x_wconf 92' lang='lat' dir='ltr'>dum</span> <span class='ocrx_word' id='word_1_268' title='bbox 816 3075 900 3158; x_wconf 83' lang='lat' dir='ltr'>vivo,</span> <span class='ocrx_word' id='word_1_269' title='bbox 919 3073 1103 3158; x_wconf 87' lang='lat' dir='ltr'>extorqueri</span> 
     </span>
     <span class='ocr_line' id='line_1_34' title="bbox 98 3161 1104 3249; baseline -0.005 -19"><span class='ocrx_word' id='word_1_270' title='bbox 98 3166 189 3248; x_wconf 71' lang='lat' dir='ltr'>volo,</span> <span class='ocrx_word' id='word_1_271' title='bbox 213 3165 264 3229; x_wconf 92' lang='lat' dir='ltr'>sin</span> <span class='ocrx_word' id='word_1_272' title='bbox 287 3168 449 3249; x_wconf 89' lang='lat' dir='ltr'>mortuus,</span> <span class='ocrx_word' id='word_1_273' title='bbox 471 3169 508 3230; x_wconf 94' lang='lat' dir='ltr'>ut</span> <span class='ocrx_word' id='word_1_274' title='bbox 532 3165 662 3249; x_wconf 88' lang='lat' dir='ltr'>quidam</span> <span class='ocrx_word' id='word_1_275' title='bbox 684 3163 802 3228; x_wconf 90' lang='lat' dir='ltr'>minuti</span> <span class='ocrx_word' id='word_1_276' title='bbox 823 3161 1011 3247; x_wconf 85' lang='lat' dir='ltr'>philosophi</span> <span class='ocrx_word' id='word_1_277' title='bbox 1034 3183 1104 3227; x_wconf 89' lang='lat' dir='ltr'>oen-</span> 
     </span>
     <span class='ocr_line' id='line_1_35' title="bbox 100 3252 1104 3337; baseline -0.004 -19"><span class='ocrx_word' id='word_1_278' title='bbox 100 3257 182 3336; x_wconf 87' lang='lat' dir='ltr'>sent,</span> <span class='ocrx_word' id='word_1_279' title='bbox 204 3253 287 3318; x_wconf 89' lang='lat' dir='ltr'>nihil</span> <span class='ocrx_word' id='word_1_280' title='bbox 311 3253 458 3337; x_wconf 88' lang='lat' dir='ltr'>sentiam,</span> <span class='ocrx_word' id='word_1_281' title='bbox 475 3274 540 3317; x_wconf 90' lang='lat' dir='ltr'>non</span> <span class='ocrx_word' id='word_1_282' title='bbox 554 3274 675 3336; x_wconf 88' lang='lat' dir='ltr'>vereor,</span> <span class='ocrx_word' id='word_1_283' title='bbox 688 3273 729 3315; x_wconf 90' lang='lat' dir='ltr'>ne</span> <span class='ocrx_word' id='word_1_284' title='bbox 743 3252 828 3316; x_wconf 89' lang='lat' dir='ltr'>hunc</span> <span class='ocrx_word' id='word_1_285' title='bbox 842 3272 983 3315; x_wconf 89' lang='lat' dir='ltr'>errorem</span> <span class='ocrx_word' id='word_1_286' title='bbox 997 3272 1104 3315; x_wconf 91' lang='lat' dir='ltr'>meum</span> 
     </span>
     <span class='ocr_line' id='line_1_36' title="bbox 80 3338 1105 3426; baseline -0.005 -19"><span class='ocrx_word' id='word_1_287' title='bbox 80 3340 291 3426; x_wconf 51' lang='lat' dir='ltr'>ophilosophi</span> <span class='ocrx_word' id='word_1_288' title='bbox 317 3341 439 3405; x_wconf 86' lang='lat' dir='ltr'>mortui</span> <span class='ocrx_word' id='word_1_289' title='bbox 469 3341 633 3405; x_wconf 89' lang='lat' dir='ltr'>irrideant.</span> <span class='ocrx_word' id='word_1_290' title='bbox 679 3338 802 3414; x_wconf 89' lang='lat' dir='ltr'>Quodsi</span> <span class='ocrx_word' id='word_1_291' title='bbox 823 3361 889 3403; x_wconf 90' lang='lat' dir='ltr'>non</span> <span class='ocrx_word' id='word_1_292' title='bbox 916 3360 1026 3403; x_wconf 86' lang='lat' dir='ltr'>sumus</span> <span class='ocrx_word' id='word_1_293' title='bbox 1058 3338 1105 3402; x_wconf 92' lang='lat' dir='ltr'>in·</span> 
     </span>
     <span class='ocr_line' id='line_1_37' title="bbox 99 3427 1105 3513; baseline -0.003 -19"><span class='ocrx_word' id='word_1_294' title='bbox 99 3430 256 3494; x_wconf 87' lang='lat' dir='ltr'>mortales</span> <span class='ocrx_word' id='word_1_295' title='bbox 279 3427 394 3511; x_wconf 87' lang='lat' dir='ltr'>futuri,</span> <span class='ocrx_word' id='word_1_296' title='bbox 421 3433 531 3493; x_wconf 90' lang='lat' dir='ltr'>tamen</span> <span class='ocrx_word' id='word_1_297' title='bbox 558 3427 704 3513; x_wconf 85' lang='lat' dir='ltr'>extingui</span> <span class='ocrx_word' id='word_1_298' title='bbox 725 3427 850 3492; x_wconf 90' lang='lat' dir='ltr'>homini</span> <span class='ocrx_word' id='word_1_299' title='bbox 872 3448 930 3491; x_wconf 91' lang='lat' dir='ltr'>suo</span> <span class='ocrx_word' id='word_1_300' title='bbox 958 3430 1105 3511; x_wconf 87' lang='lat' dir='ltr'>tempore</span> 
     </span>
     <span class='ocr_line' id='line_1_38' title="bbox 100 3514 1123 3603; baseline -0.004 -21"><span class='ocrx_word' id='word_1_301' title='bbox 100 3518 248 3603; x_wconf 89' lang='lat' dir='ltr'>optabile</span> <span class='ocrx_word' id='word_1_302' title='bbox 280 3520 338 3580; x_wconf 88' lang='lat' dir='ltr'>est.</span> <span class='ocrx_word' id='word_1_303' title='bbox 383 3515 470 3581; x_wconf 89' lang='lat' dir='ltr'>Nam</span> <span class='ocrx_word' id='word_1_304' title='bbox 492 3517 593 3581; x_wconf 87' lang='lat' dir='ltr'>habet</span> <span class='ocrx_word' id='word_1_305' title='bbox 608 3519 727 3580; x_wconf 89' lang='lat' dir='ltr'>natura</span> <span class='ocrx_word' id='word_1_306' title='bbox 744 3519 781 3580; x_wconf 91' lang='lat' dir='ltr'>ut</span> <span class='ocrx_word' id='word_1_307' title='bbox 804 3514 941 3580; x_wconf 90' lang='lat' dir='ltr'>aliarum</span> <span class='ocrx_word' id='word_1_308' title='bbox 961 3514 1123 3580; x_wconf 73' lang='lat' dir='ltr'>omnium=</span> 
     </span>
    </p>
   </div>
   <div class='ocr_carea' id='block_1_3' title="bbox 0 0 1234 3944">
    <p class='ocr_par' dir='ltr' id='par_1_3' title="bbox 0 0 1234 3944">
     <span class='ocr_line' id='line_1_39' title="bbox 0 0 1234 3944; baseline 0 0"><span class='ocrx_word' id='word_1_309' title='bbox 0 0 1234 3944; x_wconf 95' lang='lat' dir='ltr'> </span> 
     </span>
    </p>
   </div>
  </div>
 </body>
</html>
