2446 3944
525 175 678 241 -486
725 209 766 222 -

143 331 365 398 vicissitudine
382 353 493 399 eorum
511 332 623 398 mundi
640 333 829 399 continuata
841 335 960 398 natura
973 336 1033 398 est.
1060 331 1147 398 Nam

145 425 285 487 exterra
298 441 391 505 aqua,
409 442 448 485 ex
461 442 546 505 aqua
560 421 663 485 oritur
677 427 741 505 aer,
758 442 798 487 ex
810 426 884 486 aere
897 422 1019 506 aether,
1034 421 1147 486 deinde
1181 430 1183 435 “

144 512 322 574 retrorsum
343 508 487 573 vicissim
509 530 549 573 ex
566 509 696 574 aethere
715 514 779 593 a‘e‘r,
801 508 875 573 inde
894 531 987 593 aqua,
1006 531 1046 574 ex
1063 532 1148 594 aqua

24 630 27 635 ·
144 601 233 661 terra
259 595 379 660 infima.
426 594 478 661 Sic
499 597 625 661 naturis
648 596 713 680 his,
741 618 780 661 ex
803 597 919 680 quibus
943 597 1054 661 omnia
1076 618 1148 662 con-

145 687 243 766 stant,
266 704 377 748 sursus
395 683 538 769 deorsus,
555 684 642 749 ultro
662 685 743 750 citro
762 684 1018 749 commeantibus
1037 685 1149 749 mundi

92 784 126 834 85
144 771 287 855 partium
314 771 497 838 coniunctio
524 773 716 837 continetur.
761 770 849 847 Quae
872 775 929 837 aut
951 772 1149 857 sempiterna

75 935 82 947 Ι
145 859 189 926 sit
210 880 340 924 necesse
363 864 414 924 est
435 859 497 926 hoc
520 860 632 925 eodem
650 863 777 943 ornatu,
800 881 895 943 quem
912 859 1069 945 videmus,
1093 864 1149 925 aut

145 951 231 1014 certe
248 947 466 1032 perdiuturna,
484 968 677 1032 permanens
691 948 732 1012 ad
749 948 963 1032 longinquum
981 951 1015 1012 et
1027 947 1149 1013 inmen-

145 1057 217 1100 sum
244 1055 346 1120 paene
373 1039 510 1120 tempus.
555 1034 698 1110 Quorum
725 1036 885 1100 utrumvis
908 1039 946 1099 ut
968 1035 1022 1120 sit,
1045 1036 1149 1120 sequi·

144 1126 199 1187 tur
226 1127 345 1187 natura
373 1123 527 1187 mundum
558 1122 785 1187 administrari.
835 1121 924 1197 Quae
951 1124 1039 1188 enim
1068 1125 1148 1189 clas·

146 1211 231 1275 sium
247 1211 414 1295 navigatio
431 1214 488 1276 aut
501 1232 583 1294 quae
596 1211 768 1274 instructio
784 1211 941 1276 exercitus
956 1214 1022 1295 aut,
1036 1233 1148 1276 rursus

53 1336 56 1342 ·
144 1302 182 1364 ut
201 1320 247 1383 ea,
271 1319 352 1383 quae
369 1301 487 1363 natura
504 1297 613 1382 efficit,
636 1297 847 1381 conferamus,
871 1320 952 1382 quae
965 1299 1148 1384 procreatio

145 1386 222 1451 vitis
245 1389 302 1450 aut
324 1386 459 1469 arboris,
482 1407 564 1470 quae
586 1406 684 1471 porro
708 1386 882 1450 animantis
900 1386 1007 1472 figura
1025 1387 1150 1452 confor-

146 1475 310 1558 matioque
327 1476 544 1539 membrorum
561 1476 689 1538 tantam
703 1476 839 1538 naturae
854 1474 1036 1538 sollertiam
1050 1475 1149 1561 signi·

144 1562 235 1645 ficat,
268 1566 422 1645 quantam
453 1561 523 1646 ipse
555 1561 713 1626 mundus?
758 1560 826 1625 Aut
854 1561 956 1647 igitur
981 1561 1067 1626 nihil
1091 1566 1149 1646 est,

146 1650 232 1734 quod
255 1649 412 1714 sentiente
434 1653 551 1714 natura
572 1653 714 1735 regatur,
737 1652 793 1713 aut
815 1650 969 1715 mundum
986 1651 1060 1736 regi
1077 1672 1149 1715 eon·

93 1748 127 1799 86
145 1738 301 1802 fitendum
333 1740 391 1802 est.
435 1737 580 1821 Etenim,
613 1737 668 1821 qui
699 1737 840 1820 reliquas
871 1741 1006 1803 naturas
1037 1760 1149 1803 omnes

146 1846 318 1909 earumque
346 1825 469 1889 semina
498 1826 676 1909 contineat,
703 1824 759 1909 qui
783 1828 892 1909 potest
913 1825 983 1910 ipse
1004 1846 1073 1891 non
1096 1847 1150 1891 na·

144 1916 220 1978 tura
249 1913 490 1978 administrari?
518 1916 569 1997 ut,
599 1912 628 1977 si
657 1912 713 1997 qui
741 1912 853 1977 dentes
882 1915 916 1977 et
944 1914 1150 1998 pubertatem

144 2004 263 2065 natura
285 2000 371 2064 dicat
393 2001 543 2085 existere,
568 2000 677 2085 ipsum
700 2002 809 2065 autem
830 2000 1008 2085 hominem,
1037 2002 1090 2067 cui
1112 2024 1150 2067 ea

146 2087 296 2171 existant,
317 2108 384 2152 non
405 2092 553 2153 constare
575 2092 701 2171 natura,
723 2109 790 2153 non
806 2088 978 2172 intellegat
996 2110 1044 2172 ea,
1068 2111 1149 2174 quae

146 2175 289 2240 ecferant
316 2174 438 2258 aliquid
466 2197 504 2240 ex
531 2196 614 2259 sese,
641 2175 848 2261 perfectiores
871 2176 990 2240 habere
1012 2181 1149 2242 naturas

147 2284 245 2348 quam
268 2284 314 2346 ea,
338 2284 419 2346 quae
442 2285 481 2327 ex
502 2262 544 2327 iis
567 2263 757 2328 ecferantur.

93 2347 137 2415 34
213 2349 363 2415 Omnium
383 2354 490 2415 autem
508 2373 626 2435 rerum,
645 2373 726 2435 quae
739 2355 858 2416 natura
871 2351 1149 2437 administrantur,

146 2438 323 2505 seminator
356 2442 389 2503 et
422 2442 511 2504 sator
542 2443 575 2504 et
601 2461 730 2524 parens,
761 2443 799 2503 ut
825 2439 874 2504 ita
900 2440 1018 2524 dicam,
1051 2445 1149 2525 atque

146 2526 298 2593 educator
320 2529 353 2590 et
377 2526 461 2591 altor
485 2529 534 2591 est
555 2528 692 2592 mundus
712 2528 882 2611 omniaque
901 2528 984 2593 sicut
1003 2530 1151 2594 membra

146 2618 179 2680 et
205 2617 316 2700 partes
341 2635 416 2679 suas
438 2615 620 2680 nutricatur
642 2618 675 2679 et
697 2615 850 2680 continet.
895 2614 1016 2691 Quodsi
1039 2617 1151 2682 mundi

19 2724 22 2737 ·
145 2705 256 2789 partes
286 2705 405 2767 natura
436 2702 716 2787 administrantur,
752 2724 881 2768 necesse
913 2707 963 2768 est
994 2705 1150 2769 mundum

144 2791 252 2876 ipsum
270 2794 389 2854 natura
408 2790 635 2875 administrari,
659 2791 747 2855 cuius
766 2791 894 2875 quidem
908 2791 1149 2857 administratio

145 2879 228 2943 nihil
250 2879 349 2943 habet
371 2879 406 2941 in
429 2900 472 2962 se,
496 2879 581 2963 quod
598 2879 788 2964 reprehendi
805 2880 924 2964 possit,
947 2880 1044 2944 exiis
1064 2881 1150 2946 enim

145 2966 281 3050 naturis,
305 2987 387 3050 quae
411 2970 511 3050 erant,
535 2967 620 3051 quod
639 2966 722 3031 effici
741 2967 900 3051 optimum
918 2968 1034 3053 potuit,
1057 2969 1150 3034 effec-

92 3063 125 3114 81
146 3059 216 3121 tum
244 3059 301 3119 est.
346 3053 470 3119 Doceat
497 3076 574 3139 ergo
603 3054 719 3137 aliquis
746 3055 890 3139 potuisse
918 3056 1042 3120 melius
1089 3054 1151 3121 Sed
1206 3080 1208 3084 ⁴

145 3166 241 3208 nemo
272 3164 426 3226 umquam
454 3142 594 3225 docebit,
624 3144 656 3206 et
684 3143 713 3206 si
740 3143 811 3226 quis
839 3144 1000 3228 corrigere
1028 3144 1152 3228 aliquid
1196 3179 1199 3187 ·

146 3232 247 3315 volet,
278 3234 334 3296 aut
362 3229 500 3296 deterius
527 3229 626 3294 faciet
653 3233 710 3294 aut
732 3230 777 3314 id,
808 3232 893 3315 quod
914 3232 985 3295 fieri
1006 3254 1074 3296 non
1096 3255 1151 3318 po-

146 3319 259 3402 tuerit,
289 3318 491 3383 desiderabit.
537 3317 658 3392 Quodsi
687 3339 798 3384 omnes
827 3319 938 3383 mundi
964 3324 1075 3404 partes
1104 3321 1153 3386 ita

225 3408 343 3471 titutae
363 3409 446 3491 sunt,
468 3409 505 3470 ut
525 3427 627 3489 neque
647 3406 688 3472 ad
704 3427 799 3471 usum
817 3407 966 3472 meliores
984 3409 1153 3492 potuerint

71 3392 342 3711 *ineque
366 3494 407 3560 ad
430 3495 568 3579 speciem
589 3493 803 3580 pulchriores,
832 3494 1013 3582 videamus,
1039 3500 1154 3562 utrum
