2446 3944
454 199 694 265 -379-

61 370 188 452 dorum,
211 368 446 454 philosophum
466 390 533 434 non
554 369 745 454 ignobilem,
767 392 873 436 nonne
892 371 1067 437 miramur?

60 459 111 522 oui
139 479 212 522 cum
238 456 453 542 Lysimachus
479 478 537 522 rex
568 479 693 523 cmcem
722 458 913 542 minaretur,
943 459 1068 546 ‘Istis,

61 544 232 630 quaeso',
263 545 383 630 inquit,
413 545 509 610 ‘ista
535 544 746 612 horribilia
772 546 953 611 minitare
979 570 1067 631 pur·

59 634 210 717 puratis
237 633 331 716 tuis3
359 633 549 699 Theodori
577 633 727 718 quidem
757 633 858 698 nihil
888 635 1068 719 interest,

59 722 214 785 humine
246 743 293 786 an
324 721 488 786 sublime
519 720 719 806 putescat?
765 718 861 786 Cuius
890 722 951 787 hoc
982 723 1067 788 dioto

60 809 245 888 admoneor,
269 812 306 873 ut
324 808 445 893 aliquid
464 809 562 873 etiam
586 808 624 872 de
642 808 837 873 humatione
848 812 881 873 et
901 811 1068 894 sepultura

60 897 229 961 dicendum
256 896 450 979 existimem,
477 917 546 960 rem
567 917 633 961 non
656 895 832 979 difficilem,
860 896 900 961 iis
922 920 1067 981 praeser-

59 985 119 1049 tim
143 984 296 1068 cognitis,
319 1005 400 1068 quae
424 983 464 1048 de
481 983 566 1047 nihil
584 984 752 1050 sentiendo
769 984 868 1067 paulo
887 986 1068 1051 antedicta

59 1076 143 1136 sunt.
180 1072 228 1137 De
251 1094 314 1154 qua
338 1069 486 1137 Socrates
510 1071 637 1154 quidem
661 1071 739 1155 quid
758 1071 908 1155 senserit,
932 1076 1068 1156 apparet

58 1161 93 1224 in
120 1182 158 1225 eo
186 1161 282 1242 libro,
308 1160 344 1224 in
367 1181 430 1244 quo
453 1159 602 1241 moritur,
630 1158 669 1222 de
699 1180 761 1242 quo
784 1159 851 1223 iam
872 1161 941 1225 tam
963 1161 1067 1224 multa

58 1248 206 1313 diximus.
234 1245 316 1312 (lum
330 1247 418 1312 enim
432 1246 471 1312 de
487 1246 723 1310 inmortalitate
741 1247 921 1311 animorum
936 1248 1043 1332 dispu-
1069 1260 1118 1308 103

57 1337 194 1400 tavissct
222 1338 255 1399 et
281 1336 347 1400 iam
370 1333 526 1400 moriendi
549 1338 677 1416 tempus
698 1337 864 1417 urgueret,
891 1340 1024 1419 rogatus
1048 1358 1068 1400 a

59 1422 203 1504 Critone,
236 1445 329 1507 quem
362 1423 402 1487 ad
434 1422 564 1487 modum
592 1421 721 1504 sepeliri
747 1421 860 1505 vellet,
891 1421 1066 1487 ‘Multam

58 1509 174 1592 vero',
192 1510 305 1593 inquit,
324 1508 507 1594 ‘operam
530 1509 654 1591 amici,
672 1508 821 1573 frustra
839 1511 1067 1593 consumpsi.

61 1595 214 1661 Critoni
250 1597 349 1661 enim
388 1601 522 1662 nostro
557 1618 633 1662 non
668 1597 846 1680 persuasi
885 1619 941 1661 me
977 1598 1067 1662 hinc

60 1685 304 1750 avolaturum
335 1705 455 1768 neque
485 1684 558 1749 mei
594 1684 794 1769 quicquam
830 1684 1067 1749 relicturum,

58 1772 200 1837 Verum
227 1774 368 1854 tamen,
400 1768 522 1855 Crito,
554 1773 587 1836 si
619 1794 674 1835 me
707 1771 864 1855 adsequi
890 1773 1066 1855 potueris

59 1863 126 1926 aut
153 1859 277 1924 sicubi
303 1861 467 1924 nanctus
495 1861 586 1942 eris,
615 1863 657 1923 ut
679 1859 753 1924 tibi
775 1859 986 1944 videbitur,
1009 1882 1066 1924 se·

59 1948 193 2033 polito.
246 1944 330 2030 Sed,
360 1948 454 2012 mihi
486 1948 609 2029 crede,
645 1967 754 2011 nemo
792 1969 847 2011 me
883 1951 1067 2031 vestrum,

60 2035 255 2101 cumhinc
278 2055 493 2119 excessero,
523 2033 799 2116 consequetur?
843 2034 1010 2101 Praeclare
1033 2035 1067 2100 id

60 2123 203 2207 quidem,
231 2122 286 2206 qui
314 2125 347 2186 et
375 2123 478 2187 arnico
506 2121 688 2205 permiserit
715 2124 748 2186 et
773 2143 807 2186 se
830 2123 1006 2188 ostenderit
1028 2124 1066 2187 de

51 2212 122 2277 ,hoo
144 2212 216 2275 toto
240 2230 357 2294 genere
377 2211 460 2274 nihil
482 2210 640 2275 laborare.
676 2208 795 2275 Durior
812 2209 990 2296 Diogenes,
1012 2215 1044 2276 et
1068 2223 1120 2272 104

59 2301 87 2363 is
120 2298 249 2383 quidem
280 2300 360 2363 idem
396 2299 551 2382 sentiens,
583 2296 639 2363 sed
671 2301 708 2362 ut
737 2295 877 2381 Cynicus
912 2300 1067 2383 asperius,

59 2386 163 2470 proici
187 2408 221 2450 se
244 2386 340 2451 iussit
361 2385 574 2451 inhumatum.
623 2385 704 2449 Tum
733 2386 841 2450 amici:
875 2385 1067 2451 ‘Volucri-

60 2475 182 2538 busne
219 2477 256 2538 et
289 2472 424 2537 feris?'
479 2473 648 2538 ‘Minime
680 2472 801 2556 vero',
838 2473 953 2557 inquit3
986 2473 1066 2538 ‘sed

59 2561 247 2625 bacillum
278 2565 437 2644 propter
469 2583 537 2645 me,
570 2583 641 2644 quo
673 2560 841 2645 abigam,
867 2559 1066 2643 ponitote.’

60 2647 148 2724 ‘Qui
175 2648 362 2731 poterisl'
394 2649 457 2731 illi,
489 2648 578 2713 ‘non
604 2648 705 2713 enim
733 2647 900 2712 senties?
953 2647 1067 2723 ‘Quid

60 2737 184 2820 igitur
207 2735 301 2799 mihi
322 2735 489 2801 ferarum
512 2736 683 2800 laniatus
707 2735 835 2800 oberit
857 2734 957 2799 nihil
983 2756 1066 2798 sen·

58 2823 217 2888 tienti‘l'
266 2823 433 2888 Praeclare
464 2823 687 2908 Anaxagoras,
717 2822 772 2907 qui
799 2844 870 2887 cum
897 2821 1067 2905 Lampsaci

63 2913 257 2994 moreretur,
286 2911 513 2995 quaerentibus
542 2911 667 2995 amicis,
695 2910 836 2975 velletne
859 2907 1066 2974 Clazomenas

60 3000 98 3064 in
124 2999 275 3082 patriam,
305 3021 333 3064 sr
365 2999 440 3084 quid
471 2999 653 3082 accidisset,
685 2997 816 3076 auferri,
848 2996 973 3061 ‘Nihil
1004 3019 1066 3062 ne-

60 3108 168 3152 cesse
205 3084 298 3171 est',
335 3087 457 3171 inquit,
494 3086 675 3171 ‘undique
709 3087 807 3150 enim
842 3085 887 3149 ad
922 3084 1068 3151 inferos

59 3173 289 3239 tantundem
320 3175 405 3238 viae
435 3174 513 3240 est'
564 3175 708 3258 Totaque
737 3173 775 3237 de
804 3174 929 3238 ratione
956 3172 1069 3237 huma·

61 3262 161 3326 tionis
185 3284 283 3325 unum
306 3263 478 3327 tenendum
502 3266 564 3346 est,
588 3262 629 3327 ad
648 3282 762 3345 corpus
785 3261 876 3325 illam
898 3262 1069 3348 pertinere,

63 3350 132 3414 sive
156 3349 308 3414 occiderit
331 3351 456 3414 animus
479 3351 545 3415 sive
576 3351 693 3436 vigeat.
743 3347 782 3413 In
805 3370 937 3432 corpore

62 3438 267 3521 perspicuum
291 3441 340 3501 est
361 3438 413 3501 vel
437 3439 576 3503 extincto
605 3438 712 3504 animo
735 3436 787 3501 vel
811 3437 921 3520 elapso
941 3351 1152 3711 5⁵¹

63 3525 203 3589 residere
227 3547 365 3589 sensum.
1144 3530 1160 3563 a
