2446 3944
537 185 778 251 -228-

146 351 242 417 modo
265 372 304 416 ea
327 349 465 415 discerni
487 353 661 434 oporteret,
684 349 723 415 de
746 349 871 415 duobus
894 348 1065 435 generibus
1089 349 1157 434 pri·

147 440 209 504 mis
235 438 342 503 tribus
369 437 462 504 libris
491 437 677 522 explicavit,
707 437 746 501 de
772 436 871 502 tertio
899 440 1008 502 autem
1035 458 1158 523 genere

148 527 296 610 deinceps
324 547 358 591 se
386 525 517 609 scripsit
545 525 705 590 dicturum
731 547 790 590 nec
820 525 958 589 exsolvit
988 524 1034 608 id,
1067 526 1158 609 quod

111 615 351 700 spromiserat.
397 612 490 689 Quod
512 634 549 676 eo
573 613 679 698 magis
706 612 820 696 miror,
851 613 927 696 quia
953 613 1113 697 scriptum
1137 636 1160 678 a

147 702 306 786 discipulo
339 701 407 766 eius
438 699 611 765 Posidonio
644 704 694 764 est
734 700 873 785 triginta
909 701 1001 764 annis
1033 701 1158 766 vixisse

146 789 351 872 Panaetium,
378 791 592 874 posteaquam
619 788 695 852 illos
719 788 821 853 libros
845 788 1006 852 edidisset.
1052 787 1159 863 Quem

146 879 254 942 locum
272 877 373 942 miror
392 899 411 941 a
428 876 603 941 Posidonio
626 876 769 940 breviter
792 897 861 940 esse
884 878 1009 940 tactum
1031 875 1067 940 in
1087 877 1159 960 qui-

147 965 285 1031 busdam
308 964 557 1046 commentariis,
580 963 772 1048 praesertim
795 986 868 1028 cum
888 963 1010 1028 scribat
1027 963 1159 1030 nullum

112 1071 129 1119 9
148 1075 218 1119 esse
232 1053 465 1117 locumintota
476 1051 685 1136 philosophia
694 1055 764 1116 tam
772 1051 997 1116 necessarium.
1020 1049 1158 1116 Minime

147 1162 223 1206 vero
248 1140 408 1205 assentior
430 1139 486 1217 iis,
509 1139 565 1223 qui
585 1143 708 1224 negant
731 1161 804 1203 eum
826 1138 934 1203 locum
956 1162 976 1202 a
997 1137 1158 1204 Panaetio

147 1228 421 1314 praetermissum,
440 1226 496 1291 sed
514 1227 661 1291 consulto
680 1227 838 1304 relictum,
856 1247 915 1290 neo
934 1226 1064 1290 omnino
1080 1228 1158 1292 scri-

148 1316 289 1382 bendum
306 1315 416 1399 fuisse,
435 1315 510 1398 quia
527 1336 704 1398 numquam
721 1318 832 1398 posset
854 1314 981 1377 utilitas
1004 1336 1077 1379 cum
1099 1315 1159 1380 ho-

147 1408 277 1469 nestate
300 1423 453 1488 pugnare.
488 1401 538 1466 De
562 1424 625 1486 quo
644 1402 783 1466 alterum
800 1405 909 1486 potest
927 1402 1047 1466 habere
1066 1402 1158 1467 dubi-

148 1492 320 1575 tationem,
353 1490 608 1555 adhibendumne
639 1489 738 1553 fuerit
764 1489 826 1554 hoc
858 1511 973 1574 genus,
1005 1490 1090 1573 quod
1123 1492 1160 1556 in

149 1580 306 1644 diuisione
332 1577 470 1643 Panaeti
496 1578 630 1642 tertium
658 1581 720 1662 est,
747 1599 791 1641 an
812 1578 909 1661 plane
932 1578 1157 1662 omittendum,

149 1669 289 1732 alterum
312 1665 455 1730 dubitari
476 1687 543 1729 non
564 1668 683 1750 potest,
706 1664 786 1749 quin
808 1687 828 1729 a
849 1665 1005 1730 Panaetio
1029 1687 1158 1751 suscep·

149 1760 220 1819 tum
244 1754 295 1835 sit,
319 1753 375 1818 sed
398 1754 555 1817 relictum.
591 1751 679 1817 Nam
697 1753 788 1836 quie
811 1752 967 1818 divisione
989 1753 1159 1838 tripertita

149 1842 229 1905 duas
252 1844 361 1925 partes
391 1840 582 1924 absolverit,
609 1840 684 1905 huic
710 1862 840 1905 necesse
867 1844 917 1904 est
943 1844 1067 1906 restare
1093 1839 1159 1907 te'r-

148 1929 244 2011 tiam3
273 1931 441 2012 praeterea
463 1927 498 1991 in
521 1931 663 1992 extremo
687 1928 771 1992 libro
795 1929 893 1994 tertio
917 1928 1039 1994 dehac
1062 1935 1159 2014 parte

99 2033 132 2082 10
150 2016 323 2102 pollicetur
346 2036 381 2078 se
404 2015 553 2099 deinceps
578 2036 648 2078 esse
671 2015 839 2080 dicturum.
884 2015 1018 2081 Accedit
1043 2018 1159 2083 eodem

149 2103 245 2168 testis
268 2103 413 2185 locuples
436 2101 642 2186 Posidonius,
671 2103 726 2186 qui
754 2103 852 2167 etiam
880 2104 993 2168 scribit
1018 2104 1053 2168 in
1081 2127 1159 2190 qua·

150 2192 226 2255 dam
253 2189 394 2273 epistula
419 2189 454 2253 P.
481 2189 642 2254 Rutilium
669 2189 790 2254 Rufum
817 2191 921 2255 dicere
951 2192 1068 2275 solere,
1101 2195 1160 2277 qui

83 2332 85 2335 .
149 2277 342 2342 Panaetium
361 2277 515 2359 audierat,
533 2280 570 2341 ut
586 2299 681 2342 nemo
700 2278 805 2362 pictor
824 2282 909 2343 esset
922 2279 1082 2364 inventus,
1101 2282 1160 2365 qui

149 2365 185 2430 in
207 2364 275 2430 Coa
294 2363 420 2429 Venere
443 2387 515 2429 eam
537 2370 672 2450 partem,
696 2387 793 2450 quam
815 2365 950 2451 Apelles
970 2367 1159 2434 inchoatam

150 2453 345 2536 reliquisset,
359 2453 543 2518 absolveret
554 2453 633 2537 (oris
643 2453 728 2518 enim
738 2454 945 2538 pulchritudo
959 2455 1076 2539 reliqui
1089 2478 1160 2522 cor-

150 2541 239 2626 poris
258 2540 407 2604 imitandi
426 2562 517 2625 spem
535 2537 725 2628 auferebat),
749 2541 795 2606 sic
816 2564 863 2625 ea,
882 2564 964 2626 quae
981 2542 1159 2609 Panaetius

150 2628 422 2713 praetermisisset
437 2631 483 2708 [et
496 2650 563 2693 non
578 2629 778 2713 perfecisset]
793 2634 927 2714 propter
941 2652 1060 2714 eorum,
1075 2652 1160 2714 quae

150 2716 351 2802 perfecisset,
374 2716 608 2800 praestantiam
630 2717 791 2781 neminem
813 2722 1026 2801 persecutum.

101 2773 133 2898 [οἵ
218 2803 322 2880 Quam
350 2804 391 2868 ob
423 2825 492 2867 rem
526 2803 565 2866 de
596 2803 714 2870 iudicio
745 2804 882 2869 Panaeti
918 2805 1060 2870 dubitari
1091 2828 1161 2873 non

151 2894 275 2976 potest3
299 2894 426 2956 rectene
449 2894 558 2955 autem
581 2890 664 2955 hanc
686 2892 818 2956 tertiam
840 2896 968 2977 partem
991 2894 1032 2958 ad
1050 2895 1161 2977 exqui-

110 3021 111 3026 κ
152 2980 287 3044 rendum
311 2978 453 3043 officium
477 2977 658 3043 adiunxerit
685 3001 727 3043 an
754 3001 859 3064 secus,
887 2980 926 3044 de
953 3003 991 3047 eo
1018 2982 1161 3047 fortasse

153 3066 313 3152 disputari
334 3069 452 3151 potest.
497 3064 593 3151 Nam,
616 3065 683 3130 sive
705 3066 879 3132 honestum
907 3070 1013 3134 solum
1037 3070 1162 3134 bonum

154 3157 212 3232 est,
235 3158 272 3218 ut
295 3152 412 3218 Stoicis
434 3153 552 3237 placet,
574 3153 651 3236 sive,
675 3154 760 3238 quod
782 3155 956 3221 honestum
974 3161 1034 3240 est,
1055 3157 1089 3221 id
1110 3157 1162 3224 ita

152 3262 314 3305 summum
342 3242 463 3305 bonum
490 3245 553 3325 est,
583 3263 678 3325 quem
706 3241 747 3306 ad
774 3244 906 3308 modum
932 3242 1161 3330 Peripateticis

151 3327 270 3392 vestris
293 3328 429 3413 videtur,
453 3331 490 3393 ut
509 3329 617 3393 omnia
636 3351 675 3393 ex
693 3330 797 3395 altera
814 3335 908 3415 parte
926 3332 1088 3397 collocata
1104 3334 1163 3399 vix

152 3415 279 3479 minimi
302 3417 459 3481 momenti
480 3415 585 3481 instar
607 3417 759 3502 habeant,
782 3419 994 3485 dubitandum
1015 3426 1163 3507 nonest,

69 3502 233 3719 wquiu
253 3524 430 3587 numquam
457 3504 562 3588 possit
584 3504 712 3570 utilitas
735 3528 808 3572 cum
834 3507 1004 3573 honestate
1032 3511 1164 3575 conten·
