2446 3944
468 198 708 262 ..449-

82 361 177 426 dente
220 361 310 444 dicit,
347 361 471 425 nullum
508 359 645 442 sapienti
677 379 747 424 esse
781 362 923 442 tempus,
959 358 1087 440 etiamsi
1123 390 1126 395 ⁴

82 453 208 533 uratur,
239 452 442 533 torqueatur,
475 452 613 531 secetur,
648 448 725 531 quin
759 447 865 530 possit
897 447 1086 511 exclamare:

83 536 205 612 ‘Quam
221 558 281 620 pro
299 536 400 601 nihilo
419 534 529 619 putol'
552 557 624 601 cum
644 535 835 618 praesertim
854 556 947 600 omne
965 535 1087 600 malum

84 624 194 689 dolore
226 624 370 708 definiat,
408 624 528 688 bonum
559 623 739 709 voluptate,
771 623 852 688 haec
882 626 995 688 nostra
1029 622 1086 687 ho-

83 716 190 796 nesta,
216 713 326 795 turpia
351 712 490 777 inrideat
516 711 664 796 dicatque
688 730 750 775 nos
776 711 811 777 in
838 710 970 776 vocibus
994 731 1086 777 occu-

83 804 178 883 patos
205 800 310 865 inanis
339 821 435 866 sonos
463 799 607 882 fundere,
634 821 736 882 neque
764 800 936 884 quicquam
964 798 1004 864 ad
1027 820 1086 863 nos

83 889 256 971 pertinere,
278 888 342 952 nisi
364 887 449 972 quod
472 891 529 952 aut
551 888 621 951 leve
645 891 701 951 aut
723 908 871 970 asperum
897 886 932 951 in
955 907 1087 969 corpore

84 976 254 1040 sentiatur:
281 976 356 1040 huic
383 995 473 1060 ergo,
499 978 536 1040 ut
563 974 642 1057 dixi,
668 996 735 1040 non
761 974 900 1039 multum
927 974 1087 1038 differenti

84 1086 103 1127 a
129 1064 247 1128 iudicio
274 1063 416 1128 ferarum
445 1062 591 1128 oblivisci
617 1062 728 1127 licebit
755 1063 806 1126 sui
833 1065 866 1126 et
891 1066 961 1126 tum
987 1061 1087 1126 fortu-

82 1173 159 1215 nam
186 1154 402 1235 contemnere,
434 1171 508 1215 cum
539 1150 582 1215 sit
614 1172 709 1215 omne
741 1153 774 1214 et
804 1150 925 1214 bonum
957 1149 1025 1214 eius
1054 1153 1087 1214 et

82 1238 203 1304 malum
231 1240 265 1304 in
291 1242 453 1322 potestate
479 1237 641 1321 fortunae,
667 1242 737 1302 tum
764 1237 868 1302 dicere
896 1259 929 1302 se
954 1237 1086 1301 beatum

82 1328 117 1391 in
140 1348 264 1392 summo
288 1328 430 1391 cruciatu
453 1330 550 1410 atque
572 1327 756 1409 tormentis,
785 1347 857 1390 cum
883 1325 1087 1390 constituerit

82 1436 149 1478 101
175 1416 270 1481 modo
298 1436 459 1479 summum
488 1414 609 1478 malum
637 1435 706 1477 esse
730 1413 886 1497 dolorem,
911 1412 1086 1477 sedetiam

84 1501 210 1566 solum?
263 1502 332 1568 Nec
362 1524 439 1568 vero
470 1502 530 1566 illa
556 1502 619 1567 sibi
646 1501 787 1566 remedia
816 1501 1016 1584 comparavit
1045 1499 1086 1564 ad
1106 1510 1140 1560 74

83 1589 284 1654 tolerandum
315 1590 470 1673 dolorem,
506 1589 692 1653 firmitatem
728 1589 841 1673 animi,
876 1588 1086 1672 turpitudinis

84 1677 320 1760 verecundiam,
365 1677 624 1742 exercitationem
669 1677 992 1761 consuetudinemque
1032 1698 1086 1759 pa-

83 1765 198 1843 tioudi,
226 1767 411 1848 [praecepta
436 1764 663 1847 fortitudinia]
691 1765 843 1829 duritiam
865 1765 1005 1848 virilem,
1032 1765 1088 1828 sed

83 1874 150 1917 una
182 1874 215 1916 se
248 1852 327 1917 dicit
357 1853 577 1918 recordatione
607 1853 809 1936 adquiescere
840 1853 1087 1936 praeteritarum

84 1940 314 2023 voluptatium,
336 1943 373 2004 ut
391 1941 420 2004 si
439 1941 510 2024 quis
529 1945 691 2024 aestuans,
715 1963 788 2006 cum
804 1942 869 2006 vim
888 1941 1004 2006 caloris
1022 1960 1088 2005 non

84 2028 179 2092 facile
201 2029 357 2112 patiatur,
384 2027 546 2093 recordari
568 2029 647 2093 velit
674 2050 743 2093 sese
772 2029 943 2113 aliquando
970 2029 1006 2094 in
1026 2027 1087 2092 Ar-

83 2116 188 2198 pinati
213 2119 326 2181 nostr'o
356 2115 468 2201 gelidis
501 2116 685 2181 fluminibus
722 2117 948 2183 circumfusum
978 2116 1087 2181 fuisse.

83 2203 159 2270 Non
178 2204 264 2268 enim
282 2204 390 2288 video,
412 2205 589 2288 quomodo
613 2204 723 2269 sedare
745 2206 872 2288 possint
890 2205 976 2270 mala
997 2226 1087 2288 prae-

84 2292 188 2357 sentia
206 2292 400 2374 praeteritae
418 2292 609 2377 voluptates.
642 2290 704 2356 Sed
722 2314 795 2357 oum
813 2295 841 2358 is
860 2293 945 2358 dicat
963 2314 1088 2375 semper
1107 2301 1140 2352 75

84 2379 216 2444 beatum
244 2401 314 2444 esse
342 2381 532 2463 sapientem,
560 2380 611 2445 cui
639 2380 742 2444 dicere
769 2381 843 2462 hoc,
871 2382 899 2445 si
928 2381 991 2445 sibi
1014 2401 1087 2445 con·

86 2469 173 2530 stare
199 2467 309 2550 vellet,
336 2489 402 2532 non
427 2468 551 2549 liceret,
578 2468 730 2551 quidnam
756 2467 937 2533 faciendum
966 2468 1087 2551 estiis,

86 2554 141 2637 qui
163 2554 254 2622 nihil,
268 2555 492 2638 expetendum,
514 2554 596 2618 nihil
618 2555 653 2620 in
674 2554 769 2620 bonis
792 2555 978 2639 ducendum,
1003 2554 1088 2638 quod

85 2641 255 2708 honestate
287 2647 407 2726 careat,
439 2642 655 2707 existumant?
710 2642 762 2706 Me
794 2643 921 2727 quidem
958 2647 1088 2707 auctora

85 2730 184 2794 etiam
206 2730 415 2813 Peripatetici
437 2734 624 2814 veteresque
641 2730 826 2795 Academici
843 2730 1006 2794 balbutire
1030 2730 1087 2794 ali-

85 2818 212 2901 quando
231 2819 381 2883 desinant
400 2821 571 2902 aperteque
585 2822 617 2882 et
632 2818 719 2882 clara
736 2839 813 2883 voce
830 2818 969 2883 audeant
982 2818 1086 2883 dicere

84 2905 214 2970 beatam
235 2907 337 2971 vitam
359 2907 394 2970 in
416 2905 597 2970 Phalaridis
619 2909 748 2970 taurum
771 2906 1003 2971 descensuram.
1097 2961 1139 3024 27

153 2991 226 3058 Sint
248 2994 333 3058 enim
355 2994 420 3058 tria
442 3014 560 3078 genera
582 2994 753 3077 bonorum,
776 2995 900 3059 utiam
923 3017 943 3059 a
963 2994 1086 3078 laqueis
1101 3041 1136 3090 ‘16

85 3078 280 3165 Stoicorum,
312 3083 427 3166 quibus
459 3104 554 3146 usum
585 3104 635 3146 me
667 3082 824 3167 pluribus,
856 3104 953 3166 quam
988 3083 1087 3167 soleo,

83 3168 253 3254 intellego,
280 3170 478 3248 recedamus,
505 3169 572 3233 sint
594 3191 670 3234 sane
692 3170 750 3234 illa
780 3192 898 3256 genera
920 3170 1088 3257 bonorum,

85 3255 161 3321 dum
180 3258 322 3340 corporis
343 3263 373 3322 ei
389 3260 520 3322 externa
537 3258 665 3323 iaceant
682 3258 774 3322 humi
788 3262 821 3322 et
838 3259 964 3322 tantum
981 3260 1088 3345 modo,

85 3344 162 3427 quia
185 3345 340 3409 sumenda
364 3345 441 3423 sint,
464 3346 667 3428 appellentur
689 3347 787 3429 bona,
813 3347 877 3411 alia
899 3350 1007 3412 autem
1029 3348 1088 3414 illa

85 3431 194 3498 divina
211 3434 306 3518 longe
325 3433 452 3517 lateque
467 3455 500 3497 se
518 3433 661 3515 pandant
679 3436 864 3519 caelumque
883 3436 1086 3522 contingant3

85 3541 124 3584 ea
154 3521 210 3605 qui
242 3522 377 3604 adeptus
404 3521 460 3605 sit,
491 3542 548 3585 cur
574 3543 646 3587 eum
673 3524 804 3588 beatum
830 3523 926 3589 modo
959 3528 992 3589 et
1021 3546 1088 3590 101

133 3635 313 3691 wetbertus,
328 3635 501 3692 0111111010υῇ.
516 3635 631 3691 &dritten
819 3633 853 3683 29
