2446 3944
468 209 708 274 -463-

82 374 197 454 tatem,
229 371 276 435 sic
304 369 380 435 lieet
413 370 525 435 surdos
559 369 599 434 ad
630 370 805 436 oculorum.
856 369 1000 453 Etenim,
1032 369 1086 453 qui

83 480 191 524 secum
212 458 302 543 loqui
325 458 458 541 poterit,
486 477 666 522 sermonem
694 457 826 522 alterius
849 478 914 522 non
936 457 1086 541 requiret.

149 544 372 630 Congerantur
402 546 438 609 in
468 567 567 609 unum
599 544 721 627 onmia,
748 547 786 609 ut
812 545 897 608 idenr
925 544 1026 611 oculis
1054 548 1087 610 et

83 633 213 697 auribus
237 635 350 717 eaptus
374 633 430 716 sit,
456 636 623 716 prematur
645 632 742 696 etiam
769 632 932 698 doloribus
963 654 1086 697 acerru-

83 723 145 785 mis
165 722 317 804 corporis.
354 720 416 796 Qui
433 720 574 804 primurn
596 741 654 803 per
672 741 705 783 se
728 720 792 803 ipsi
809 721 995 804 plerumque
1014 742 1087 785 con·

83 809 197 872 ficiunt
218 809 395 891 hominem3
425 808 476 872 sin
497 808 582 871 forte
603 807 841 891 longinquitate
862 807 1012 890 producti
1035 829 1086 872 ve·

83 894 264 960 hementius
294 899 403 960 tamen
432 898 596 978 torquent,
626 917 723 978 quam
752 898 789 958 ut
818 916 916 959 eausa
945 895 1000 978 sit,
1030 916 1086 960 cur

82 984 240 1068 ferantur,
267 985 344 1067 quid
367 987 417 1048 est
437 983 582 1066 tandem,
604 982 637 1046 di
660 982 750 1065 boni,
773 982 858 1067 quod
880 982 1085 1047 laboremus?

82 1071 199 1135 Portus
223 1072 306 1135 enim
328 1074 457 1154 praesto
481 1073 542 1153 est,
571 1069 736 1154 [quoniam
763 1090 851 1135 mors
878 1069 999 1134 ibidem
1023 1072 1084 1150 est]

83 1162 249 1223 aeternum
284 1159 366 1224 nihil
402 1158 560 1223 sentiendi
594 1158 840 1240 receptaculum.
899 1156 1086 1222 Theodorus

81 1246 275 1330 Lysimacho
302 1250 440 1311 mortem
466 1245 632 1310 minitanti
663 1243 856 1329 ‘Magnum
888 1243 1008 1328 vero',
1039 1243 1085 1308 in·

83 1336 167 1417 quit,
195 1334 395 1417 ‘effecisti,
423 1333 456 1398 si
483 1333 723 1398 cantharidis
751 1333 826 1397 vim
858 1335 1086 1397 consecutus

83 1421 141 1486 es'
177 1421 297 1486 Paulus
315 1421 408 1485 Persi
425 1421 621 1504 deprecanti,
640 1442 681 1484 ne
698 1420 733 1484 in
733 1419 923 1572 ttriumpho
936 1420 1136 1484 ducere-118

82 1513 149 1591 tur,
182 1508 240 1572 ‘In
266 1512 332 1572 tua
363 1508 401 1573 id
433 1507 582 1608 quidem
617 1510 684 1590 pot
689 1511 813 1572 estate
845 1506 923 1572 est'
981 1507 1086 1572 Multa

83 1597 188 1679 primo
207 1596 272 1679 die,
290 1617 362 1661 eum
381 1595 448 1659 de
438 1617 509 1678 rpsa
527 1598 629 1659 morte
647 1616 880 1680 quaereremus,
900 1616 967 1660 non
984 1615 1086 1679 pauca

84 1685 181 1748 etiam
203 1687 346 1767 postero,
370 1705 441 1748 eum
464 1686 573 1767 ageret
576 1705 613 1746 ur
559 1683 674 1747 tde
697 1683 820 1767 dolore,
844 1687 918 1746 sunt
904 1683 1026 1748 tdieta
1047 1683 1085 1746 de

84 1775 200 1853 morte,
223 1792 304 1854 quae
328 1771 383 1855 qui
400 1771 596 1854 recordetur,
618 1770 704 1834 haud
727 1791 804 1835 sane
827 1771 1004 1853 periculum
1028 1773 1086 1852 est,

83 1881 124 1923 nc
141 1881 207 1923 non
226 1862 363 1923 mortem
382 1862 438 1922 aut
456 1859 630 1941 optandam
649 1861 705 1922 aut
723 1862 808 1922 certe
826 1878 893 1922 non
909 1857 1085 1922 timendam

83 1949 182 2030 putet.
217 1945 301 2010 Mihi
324 1946 453 2030 quidem
474 1947 509 2010 in
531 1947 599 2011 vita
622 1947 779 2010 servanda
796 1945 923 2010 videtur
945 1946 1003 2010 illa
1024 1946 1085 2029 lex,
1093 1941 1136 2004 41

84 2055 188 2184 quaet
188 2034 223 2097 in
245 2032 441 2098 Graecorum
459 2033 614 2099 conviviis
633 2033 701 2098 obt
675 2037 758 2098 ttrne
759 2056 809 2098 ur:
835 2032 927 2098 Aut
944 2032 1086 2117 bibat',

84 2123 200 2205 inquit,
234 2120 315 2185 aut
301 2120 481 2187 t.'abcat
533 2121 578 2185 Et
603 2125 698 2185 recte.
747 2121 815 2185 Aut
846 2121 932 2186 enim
960 2122 1047 2185 frua
1048 2143 1087 2185 ur

84 2172 200 2293 aliquis²
231 2210 353 2310 pariter
385 2231 458 2274 eum
490 2209 563 2274 aliis
595 2210 743 2292 voluptat
710 2230 761 2273 ae
788 2208 922 2292 potandi
950 2212 1019 2292 ant,
1045 2229 1085 2273 ne

84 2298 237 2361 sobrius
227 2320 262 2361 ιιι
279 2297 464 2362 violentiam
482 2297 720 2361 vinulentorum
739 2297 873 2378 ineidat,
893 2299 949 2360 ant
951 2318 967 2360 e
934 2258 1085 2360 tdisce-

84 2385 148 2448 dat.
193 2382 244 2455 Sic
270 2385 404 2449 iniurias
430 2383 594 2465 fortunae,
627 2405 706 2466 quas
737 2382 821 2448 ferre
847 2405 1001 2467 nequeas,
1033 2383 1085 2447 de·

84 2472 235 2555 fugiendo
254 2473 427 2555 relinquas.
462 2470 551 2535 Haec
569 2470 693 2554 eadem,
717 2492 798 2555 quae
820 2469 988 2554 Epicurus,
1009 2469 1085 2534 toti·

85 2558 156 2622 dem
178 2560 284 2623 verbis
308 2560 386 2622 dicit
407 2558 633 2640 Hieronymus.

150 2646 270 2722 Quodsi
288 2647 313 2709 ii
330 2645 529 2729 philosophi,
552 2666 688 2728 quorum
706 2666 745 2708 ca
763 2645 923 2716 sententia
942 2647 1001 2726 est,
1026 2647 1062 2708 ut
1086 2655 1135 2706 119

83 2734 185 2797 virtus
212 2756 269 2816 per
296 2755 330 2798 se
357 2734 428 2816 ipsa
453 2732 536 2797 nihil
561 2732 686 2813 valeat,
714 2753 881 2816 omneque,
914 2730 999 2814 quod
1029 2732 1084 2796 ho·

83 2825 211 2885 nestum
238 2843 297 2885 nos
321 2823 353 2884 et
380 2820 540 2884 laudabile
563 2840 632 2883 esse
655 2819 802 2899 dicimus,
830 2820 864 2884 id
886 2819 936 2882 illi
959 2840 1084 2882 cassum

84 2908 234 2991 quiddam
263 2911 295 2971 et
321 2908 409 2971 inani
436 2907 524 2971 vocis
553 2927 631 2970 sono
659 2907 844 2971 decoratum
872 2928 941 2970 esse
967 2906 1084 2988 dicant,

85 2997 114 3059 ci
137 2997 244 3057 tamen
267 3016 392 3077 semper
415 2995 543 3058 beatum
563 2997 694 3058 censent
712 3016 782 3058 esse
801 2995 990 3077 sapientem,
1008 2994 1085 3077 quid

84 3081 213 3146 tandem
245 3104 265 3145 a
297 3079 434 3146 Socrate
460 3086 492 3147 et
522 3082 657 3146 Platone
692 3081 844 3164 profectis
880 3080 1083 3165 philosophis

83 3169 263 3235 faciendum
286 3168 429 3233 iudicas?
458 3192 592 3254 quorum
621 3169 676 3234 alii
703 3172 827 3234 tantam
850 3169 1083 3252 praestantiam

83 3260 117 3322 in
140 3258 233 3322 bonis
257 3257 354 3321 animi
378 3278 447 3321 esse
470 3258 592 3335 dicunt,
615 3261 652 3321 ut
675 3258 715 3321 ab
738 3257 789 3321 his
810 3257 952 3340 corporis
976 3260 1009 3321 et
1032 3279 1083 3321 ex·

84 3351 173 3410 terna
203 3346 424 3429 obscurentur,
456 3346 511 3410 alii
538 3349 645 3410 autern
672 3346 751 3408 haec
777 3366 817 3408 ne
845 3345 929 3409 bona
955 3345 1083 3427 quidem

85 3434 217 3517 ducunt,
239 3434 274 3498 in
297 3434 403 3498 animo
426 3438 585 3517 reponunt
610 3434 727 3500 omnia.
772 3431 914 3507 Quorum
937 3437 1061 3500 contro·
1086 3443 1137 3494 120

84 3522 224 3586 versiam
247 3521 372 3586 solebat
399 3524 566 3606 tamquam
588 3521 778 3588 honorarius
803 3521 923 3586 arbiter
945 3522 1084 3586 indicare
