2446 3944
481 212 722 278 -2373-

91 376 154 442 hoc
187 377 363 461 significat:
396 397 489 461 egere
518 363 573 460 eo,
605 375 689 461 quod
721 375 839 440 habere
870 376 960 441 velis.
1011 370 1101 442 Inest

94 465 181 529 enim
199 465 281 528 velle
304 465 339 529 in
363 464 514 547 carendo,
535 464 600 528 nisi
619 486 692 528 oum
710 464 757 528 sic
779 466 945 548 tamquam
963 464 999 527 in
1016 464 1101 530 febri

94 553 212 616 dicitur
235 552 299 616 alia
321 552 459 636 quadam
482 552 612 617 notione
635 551 735 616 verbi.
776 549 904 615 Dicitur
926 550 1011 616 enirn
1035 552 1100 618 alio

94 640 190 704 modo
219 640 316 703 etiam
343 660 464 723 carere,
492 660 564 704 cum
591 639 714 722 aliquid
739 659 805 702 non
832 638 954 704 habeas
980 642 1013 704 et
1033 661 1101 705 non

94 727 215 791 habere
234 731 266 791 te
286 728 420 810 sentias,
438 727 566 791 etiamsi
584 727 618 790 id
635 726 732 791 facile
750 726 882 809 patiare.
919 727 974 791 Ia
992 749 1101 792 carere

93 815 128 878 in
151 817 255 879 morte
277 836 344 880 non
367 815 497 898 dicitur3
521 835 581 879 nec
604 815 690 878 enim
709 818 795 878 esset
815 814 1001 899 dolendum3
1025 815 1100 880 dici·

93 906 147 966 tur
165 903 258 967 illud:
281 903 367 967 bono
386 923 507 982 carere,
530 902 615 986 quod
633 905 684 966 est
701 901 831 967 malum.
870 900 931 966 sed
949 924 991 966 ne
1008 902 1101 968 vivus

95 989 223 1074 quidem
254 991 340 1055 bono
374 993 475 1073 caret,
503 989 532 1054 si
558 1010 596 1055 eo
624 1011 689 1054 non
715 989 850 1073 indiget3
880 989 935 1053 sed
964 990 1000 1053 in
1025 991 1100 1056 vivo

93 1078 240 1161 intellegi
261 1081 370 1141 tamen
388 1079 498 1160 potest
515 1097 615 1162 regno
634 1081 667 1141 te
686 1098 793 1141 carere
813 1072 891 1161 (dici
910 1080 1018 1142 eutem
1038 1077 1101 1143 hoc

93 1165 128 1229 in
150 1169 183 1229 te
207 1165 287 1229 satis
311 1165 475 1229 subtiliter
496 1185 562 1229 non
583 1167 706 1248 potest,
728 1167 840 1247 posset
861 1165 895 1228 in
914 1164 1102 1249 Tarquini0,

94 1275 167 1318 cum
189 1273 290 1338 regno
315 1255 400 1316 esset
422 1250 600 1338 expulsus),
624 1255 659 1316 at
680 1252 716 1316 in
738 1255 866 1315 mortuo
888 1273 929 1316 ne
952 1252 1102 1336 intellegi

95 1340 231 1424 quidem.
281 1338 399 1404 Carere
427 1340 511 1404 enim
540 1340 707 1404 sentientis
739 1342 801 1418 est,
832 1360 891 1402 nec
926 1361 1038 1404 sensus
1066 1340 1102 1403 in

94 1431 235 1510 mortuo,
257 1450 298 1492 ne
322 1449 428 1492 carere
452 1427 581 1511 quidem
603 1427 703 1511 igitur
725 1426 759 1490 in
782 1430 909 1491 mortuo
931 1429 990 1491 est.
1110 1475 1153 1540 3,

162 1515 364 1598 Quamquam
401 1515 479 1599 quid
516 1537 595 1598 opus
627 1517 677 1579 est
707 1514 741 1578 in
772 1513 834 1579 hoc
869 1513 1100 1598 philosophari,
1119 1553 1153 1604 89

96 1623 169 1666 cum
191 1624 259 1666 rem
276 1623 342 1667 non
360 1623 557 1687 magnopere
573 1601 782 1685 philosophia
800 1621 894 1685 egere
911 1602 1101 1668 videamus?

95 1690 250 1766 Quotiens
268 1711 333 1754 non
351 1690 448 1755 modo
467 1690 613 1754 ductores
631 1689 748 1772 nostri,
772 1689 827 1753 sed
845 1689 985 1754 universi
1003 1691 1102 1755 etiam

95 1778 253 1842 exercitus
277 1777 318 1842 ad
340 1799 404 1842 non
428 1778 558 1842 dubiam
577 1781 714 1842 mortem
735 1778 975 1842 concurrerunt!
1011 1778 1101 1855 Quae

95 1865 223 1948 quidem
243 1865 271 1928 si
292 1865 473 1949 timeretur,
496 1888 561 1930 non
579 1864 615 1929 L.
633 1863 753 1929 Brutus
773 1886 884 1928 arcens
903 1886 976 1929 eum
996 1867 1101 1931 reditu

94 1957 281 2036 tyrannum,
302 1973 397 2035 quem
416 1953 487 2036 ipse
506 1953 682 2036 expulerat,
705 1952 740 2016 in
756 1952 880 2035 proelio
899 1953 1101 2038 concidisset,

93 2062 161 2105 non
178 2061 251 2104 cum
268 2038 392 2103 Latinis
412 2040 578 2105 decertans
596 2043 689 2123 pater
706 2038 838 2122 Decius,
862 2062 935 2105 cum
953 2041 1101 2107 Etruscis
1134 2058 1137 2064 ’

94 2127 195 2210 filius,
218 2126 435 2210 cumPyrrho
459 2150 559 2211 nepos
584 2149 617 2191 se
639 2128 782 2192 hostium
800 2128 876 2192 telis
899 2128 1102 2214 obiecissent,

93 2236 161 2280 non
183 2237 248 2279 uno
271 2215 357 2280 bello
379 2236 438 2299 pro
461 2216 567 2299 patria
590 2215 733 2280 cadentis
756 2214 922 2298 Scipiones
940 2214 1101 2299 Hispania

93 2302 242 2385 vidisset,
268 2302 406 2368 Paulum
434 2306 466 2367 et
489 2303 659 2369 Geminum
683 2301 825 2386 Cannae,
852 2303 995 2368 Venusia
1018 2303 1099 2369 Mar·

95 2390 221 2474 cellum,
238 2390 357 2455 Litana
374 2391 539 2474 Albinum,
556 2390 678 2455 Lucani
698 2390 885 2455 Gracchum.
922 2390 1011 2456 Num
1029 2392 1101 2475 quis

94 2477 211 2542 horum
234 2479 332 2542 miser
354 2477 472 2542 hodie?
516 2478 565 2544 Ne
592 2482 664 2542 tum
693 2478 821 2562 quidem
847 2481 923 2561 post
950 2479 1100 2562 spiritum

95 2568 285 2651 extremum3
304 2587 364 2630 nec
382 2566 468 2629 enim
486 2568 595 2649 potest
613 2587 683 2630 esse
700 2566 798 2630 miser
818 2566 987 2649 quisquam
1006 2587 1101 2630 sensu

94 2656 270 2736 perempto.
308 2653 355 2717 At
376 2653 407 2716 id
431 2653 539 2736 ipsum
561 2652 709 2717 odiosum
731 2657 794 2735 est,
818 2653 885 2717 sine
905 2674 1002 2717 sensu
1021 2674 1099 2717 esse.
1118 2672 1153 2723 ec

96 2739 264 2824 Odiosum,
292 2741 320 2804 si
347 2740 380 2804 id
408 2742 493 2804 esset
520 2761 636 2804 carere.
682 2737 763 2804 Cum
789 2762 865 2805 vero
895 2740 1101 2823 perspicuum

96 2828 139 2893 sit
156 2828 239 2892 nihil
256 2849 352 2911 posse
370 2828 405 2891 in
423 2849 460 2892 eo
480 2848 560 2906 esse,
580 2827 635 2911 qui
657 2827 726 2911 ipse
744 2850 809 2893 non
827 2827 878 2910 sit,
897 2827 974 2911 quid
991 2832 1101 2912 potest

95 2937 165 2980 esse
196 2916 232 2980 in
267 2937 304 2980 eo
342 2915 502 2998 odiosum,
538 2915 593 2998 qui
629 2936 689 2979 nec
725 2920 833 2980 eareat
865 2937 924 2979 nec
957 2916 1100 2981 sentiat?

96 3004 299 3088 Quamquam
321 3003 382 3067 hoc
405 3003 534 3087 quidem
555 3002 653 3066 nimis
672 3025 780 3086 saepe,
804 3002 859 3066 sed
883 3023 935 3086 eo,
958 3003 1044 3085 quod
1066 3004 1101 3069 in

94 3091 156 3155 hoc
174 3091 260 3156 inest
277 3091 380 3155 omnis
400 3090 498 3155 animi
517 3091 694 3155 contractio
714 3112 752 3153 ex
770 3093 858 3153 metu
877 3091 999 3153 mortis.
1038 3089 1102 3166 Qui

96 3179 180 3242 enim
204 3179 284 3243 satis
308 3178 436 3261 viderit,
459 3178 492 3242 id
516 3178 601 3262 quod
621 3181 670 3243 est
690 3177 761 3241 luce
780 3177 913 3260 clarius,
935 3178 1043 3241 animo
1068 3181 1101 3242 et

96 3288 229 3349 corpore
257 3269 447 3350 consumpto
475 3268 609 3351 totoque
637 3265 802 3330 animante
827 3264 934 3331 deleto
958 3268 991 3330 et
1012 3265 1099 3330 facto

94 3353 230 3418 interitu
262 3353 411 3418 universo
443 3353 522 3418 illud
555 3353 686 3436 animal,
717 3348 812 3437 quoti¹
975 3352 1100 3420 lactum

96 3463 166 3506 esse
189 3440 283 3523 nihil,
310 3441 338 3504 is
365 3441 462 3523 plane
491 3440 665 3524 perspiciet
686 3439 772 3505 inter
1112 3506 1116 3513 ,

96 3530 151 3612 qui
177 3550 353 3611 numquam
378 3527 490 3612 fuerit,
517 3530 550 3591 et
575 3548 685 3612 regem
709 3350 1105 3711 ΔΝ

767 3652 778 3711 ῑ·
1031 3634 1156 3711 “z
