2446 3944
460 197 702 263 -169-
1022 272 1037 311 s

86 355 211 440 ingredi
236 357 351 422 melius
380 362 480 442 esset,
510 358 573 425 hoc
598 357 734 424 Herculi
761 357 860 424 ‘Iovis
888 362 963 425 satu
989 358 1089 425 edito'

86 444 192 528 potuit
213 443 352 510 fortasse
374 447 571 532 contingere,
592 447 688 512 nobis
710 468 776 512 non
797 447 888 531 item,
911 448 967 531 qui
983 447 1090 512 imita·

86 553 171 614 mur,
197 553 278 616 quoa
299 533 412 618 cuique
434 535 540 600 visum
562 538 627 617 est,
654 538 753 619 atquc
779 534 820 600 ad
847 556 960 600 eorum
982 535 1091 600 studia

86 618 300 704 institutaque
319 621 532 705 impellimur3
557 623 747 707 plerumque
771 627 880 688 autem
905 623 1091 708 parentium

86 709 265 791 praeceptis
287 709 394 773 inbuti
415 710 457 774 ad
480 732 591 774 eorum
615 711 880 776 consuetudinem
903 733 1090 796 moremque

87 794 282 879 deducimur3
305 797 363 861 alii
384 798 604 863 multitudinis
623 798 742 863 iudicio
764 797 923 883 feruntur,
945 820 1091 883 quaeque

85 883 201 947 maiori
213 885 302 967 parti
313 885 531 969 pulcherrima
542 885 701 970 videntur,
714 907 753 950 ea
766 886 906 951 maxime
920 891 1091 971 exoptant3

85 991 152 1036 non
171 971 254 1035 nulli
279 975 390 1037 tamen
412 973 480 1038 sive
505 972 664 1039 felicitate
690 973 830 1058 quadam
851 974 920 1038 sive
942 974 1090 1039 bonitate

85 1061 220 1160 naturae
241 1059 311 1124 sine
332 1061 518 1145 parentium
542 1061 713 1147 disciplina
735 1065 859 1126 rectam
878 1061 966 1126 vitae
988 1062 1091 1126 secuti

88 1149 368 1301 sumilliidndutem
385 1237 525 1302 maxime
545 1259 656 1302 rarum
679 1259 781 1324 genus
804 1240 855 1302 est
877 1257 999 1320 eorum,
1022 1207 1143 1332 qui13139

86 1324 143 1386 aut
159 1323 328 1388 excellenti
344 1325 467 1409 ingenii
483 1325 707 1410 magnitudine
726 1329 784 1390 aut
800 1325 968 1409 praeclara
988 1323 1091 1388 erudi·

85 1409 173 1474 tione
200 1413 297 1494 atque
323 1411 471 1477 doctrina
498 1418 556 1478 aut
581 1418 719 1498 utraque
747 1435 782 1478 re
809 1413 917 1477 ornati
947 1411 1091 1496 spatium

86 1497 185 1562 etiam
207 1498 405 1565 deliberandi
426 1500 625 1583 habuerunt,
652 1521 748 1585 quem
774 1500 982 1585 potissimum
1004 1499 1091 1564 vitae

86 1607 213 1650 cursum
241 1588 333 1671 sequi
358 1588 496 1671 vellent3
521 1589 556 1653 in
584 1609 647 1672 qua
674 1587 908 1653 deliberatione
935 1586 976 1652 ad
998 1608 1091 1651 suam

85 1673 237 1757 cuiusque
267 1679 419 1739 naturam
450 1676 620 1740 consilium
654 1679 704 1739 est
735 1696 830 1739 omne
866 1674 1092 1740 revocandum.

84 1759 171 1825 Nam
188 1783 260 1826 cum
277 1762 314 1826 in
331 1763 491 1846 omnibus,
513 1783 595 1846 quae
614 1766 764 1847 aguntur,
788 1783 826 1826 ex
845 1783 893 1846 eo,
911 1783 974 1846 quo
994 1760 1091 1827 modo

86 1849 219 1932 quiaque
240 1854 338 1915 natus
361 1855 425 1933 est,
450 1855 489 1915 ut
511 1872 610 1935 supra
632 1850 754 1915 dictum
777 1853 840 1934 eat,
870 1849 947 1934 quid
970 1849 1092 1933 deceat,

86 1937 295 2022 exquirimus,
322 1941 393 2002 tum
419 1939 455 2002 in
476 1942 549 2002 tota
570 1938 641 2002 vita
664 1937 890 2003 constituenda
913 1938 1017 2002 multo
1041 1941 1092 2002 est

86 2023 116 2087 ei
137 2025 184 2088 rei
206 2047 282 2090 cura
304 2026 409 2090 maior
431 2025 623 2109 adhibenda,
643 2028 681 2089 ut
704 2029 853 2090 constare
875 2025 910 2089 in
929 2024 1091 2110 perpetui·

85 2114 155 2175 tate
175 2112 262 2176 vitae
284 2113 446 2196 possimus
468 2113 632 2178 nobismet
653 2113 735 2196 ipsis
756 2134 816 2178 nec
838 2113 873 2177 in
895 2113 964 2177 ullo
983 2111 1089 2177 officio

85 2199 272 2264 claudicare.
308 2199 361 2264 Ad
383 2201 466 2265 hanc
490 2204 599 2265 autem
618 2200 779 2265 rationem
802 2199 955 2284 quoniam
978 2200 1144 2266 maxi-120

85 2307 172 2352 mam
194 2287 261 2351 vim
282 2291 401 2352 natura
423 2288 532 2373 habet,
553 2287 687 2353 fortuna
708 2288 899 2371 proximam,
922 2286 1090 2369 utriusque

86 2374 215 2439 omnino
243 2375 392 2440 habenda
419 2375 503 2440 ratio
529 2376 637 2440 estin
659 2374 830 2460 deligendo
854 2395 972 2460 genere
993 2373 1091 2456 ritae,

86 2462 141 2525 aed
163 2465 298 2527 naturae
321 2463 440 2547 magis3
463 2464 567 2527 multo
591 2463 677 2527 enim
700 2466 734 2526 et
756 2462 880 2528 firmior
899 2464 949 2527 est
967 2465 1001 2526 et
1018 2482 1091 2526 con·

85 2549 234 2632 stantior,
250 2554 289 2614 ut
305 2550 437 2614 fortuna
454 2572 521 2615 non
537 2571 715 2632 numquam
732 2552 901 2632 tamquam
919 2549 992 2632 ipsa
1007 2569 1091 2613 mor·

84 2636 161 2699 talis
193 2658 265 2702 cum
296 2637 465 2702 inmortali
500 2640 618 2701 natura
649 2656 796 2721 pugnare
827 2636 984 2700 videatur.
1029 2634 1091 2710 Qui

83 2723 186 2808 igitur
213 2724 254 2788 ad
279 2730 416 2790 naturae
444 2745 520 2788 suae
544 2745 611 2788 non
632 2723 770 2788 vitiosae
794 2742 896 2807 genus
919 2721 1090 2787 consilium

84 2811 214 2875 vivendi
245 2833 339 2876 omne
372 2811 559 2893 contulerit,
589 2810 618 2874 is
651 2811 870 2875 constantiam
901 2812 1012 2874 teneat
1043 2806 1091 2891 (id

85 2899 173 2962 euim
196 2900 334 2964 maxime
358 2899 473 2985 decet),
499 2898 563 2963 nisi
584 2898 670 2962 forte
694 2918 728 2962 se
748 2896 947 2962 intellexerit
965 2916 1091 2961 errasse

83 2985 119 3049 in
141 2985 311 3072 deligendo
340 3008 457 3072 genere
481 2987 578 3050 vitae.
623 2984 767 3060 Quodsi
791 2984 943 3050 acciderit
966 2983 1091 3069 (potest

84 3076 195 3138 autem
208 3075 375 3160 accidere),
387 3074 534 3138 facienda
547 3095 675 3138 morum
688 3073 977 3154 institutorumque
987 3075 1091 3136 muta·

83 3161 131 3225 tio
150 3165 208 3226 est.
240 3162 323 3228 Eam
341 3163 556 3228 mutationem
575 3161 604 3225 si
620 3165 770 3245 tempora
789 3160 996 3243 adiuvabant,
1014 3159 1091 3224 faci-

83 3248 147 3312 liua
175 3250 437 3333 commodiusque
463 3249 632 3331 faciemus3
660 3249 712 3313 sin
738 3247 858 3331 minus,
886 3246 1006 3312 senaim
1029 3247 1092 3312 erit

83 3336 379 3422 pedetemptimque
405 3337 565 3420 facienda,
596 3340 634 3400 ut
665 3335 838 3418 amicitias,
871 3356 952 3417 quae
983 3335 1114 3403 minus.

85 3423 245 3491 delectent
273 3428 306 3489 et
333 3424 439 3488 minus
466 3424 658 3508 probentur,
687 3424 793 3509 magis
821 3423 932 3488 decere
960 3424 1092 3488 censent

84 3513 247 3598 sapientes
283 3512 403 3577 sensim
440 3511 560 3577 diluere
597 3532 694 3595 quam
730 3514 863 3597 repente
897 3510 1092 3596 praecidere.
