2446 3944
465 196 705 260 -459-

85 357 183 423 etiam
210 357 297 420 ultro
325 355 448 420 delatos
476 356 672 439 repudiabit,
696 377 756 421 nos
779 359 887 421 autem
910 377 965 420 eos
987 355 1088 421 nesci·

84 468 170 527 mus,
201 447 275 508 11111
299 466 394 527 quam
416 445 580 527 paenitere
604 444 722 527 coepit,
749 447 961 509 contemnere.
1004 443 1066 508 Est
1090 463 1140 512 105

85 534 168 616 apud
200 531 398 596 Heraclitum
427 532 594 615 physicum
626 532 665 596 de
696 532 841 615 principe
872 531 1088 615 Ephesiorum

83 620 300 704 Hermodoro,
327 620 568 684 universost
522 621 568 684 ait
595 619 754 703 Ephesios
782 641 852 684 esse
878 624 982 684 morte
1008 621 1089 684 mul-

84 708 214 810 tandos,
242 706 340 808 quod,
369 729 441 772 cum
469 707 567 773 civita
568 710 600 771 te
626 708 822 790 expellerent
844 706 1089 790 Hermodorum,

84 797 131 861 ita
98 796 260 860 tlocuti
292 796 372 860 sint:
344 794 536 860 tNemo
568 794 611 859 de
637 795 748 860 nobis
780 816 875 859 unus
908 796 1088 879 excellat·

84 885 144 948 sin
176 884 262 967 quis
295 883 487 966 ext1titerit,
515 882 629 947 alio
619 905 659 947 1n
684 883 837 947 locoet
822 882 974 965 tapud,
992 883 1088 948 11111

85 970 157 1036 sit'
211 970 265 1034 An
294 971 357 1036 hoc
384 992 450 1035 non
481 971 528 1035 ita
493 971 595 1034 ttfi
581 971 715 1035 tomni
745 971 779 1033 in
810 970 953 1053 populo?
983 992 1088 1035 nonne

84 1081 213 1123 omnem
237 1060 497 1142 exsuperantiam
520 1058 649 1123 virtutis
673 1058 829 1123 oderunt?
868 1057 972 1133 Quid?
1017 1057 1090 1122 Ari-

85 1147 185 1211 stides
214 1144 314 1230 (malo
342 1147 427 1210 enim
455 1144 650 1210 Graecorum
678 1167 774 1230 quam
796 1149 909 1210 nostra
933 1143 1089 1231 proferre)

84 1256 190 1300 nonne
210 1234 251 1299 ob
266 1256 337 1298 eam
357 1256 488 1298 causam
502 1234 651 1316 expulsus
667 1237 716 1297 est
729 1234 844 1317 patria,
864 1234 948 1318 quod
961 1237 1090 1316 praeter

85 1323 216 1388 modum
238 1323 342 1387 iustus
366 1322 473 1387 esset?
511 1321 646 1397 Quantis
670 1321 770 1406 igitur
788 1322 945 1386 molestiis
964 1325 1090 1406 vacant,

86 1411 141 1493 qui
162 1410 245 1474 nihil
268 1410 400 1474 omnino
429 1431 501 1474 cum
528 1410 650 1492 populo
678 1409 885 1474 contrahunt!
931 1408 1014 1484 Quid
1042 1414 1091 1474 est

87 1497 172 1561 enim
202 1498 326 1561 dulcius
355 1497 422 1562 otio
449 1497 616 1562 litterato?
644 1497 684 1561 iis
715 1497 785 1560 dico
815 1497 870 1561 litt
840 1497 947 1582 tteris,
973 1498 1090 1581 quibus

85 1584 279 1648 infinitatem
297 1606 403 1648 rerum
422 1588 518 1685 atque
536 1587 723 1649 naturaet
690 1606 707 1649 1
744 1585 779 1648 in
797 1585 860 1650 hoc
881 1585 953 1668 ipso
971 1586 1090 1650 mundo

86 1672 224 1755 caelum,
246 1675 363 1755 terras,
386 1673 489 1736 maria
511 1673 744 1759 cognoscimus.
1101 1730 1142 1794 37

153 1723 373 1842 Contempto&
363 1760 424 1844 1git
426 1782 463 1823 ur
475 1760 607 1844 honore,
621 1763 807 1843 contempta
821 1761 920 1825 etiam
933 1761 1070 1848 pecunia
1093 1808 1144 1857 106

87 1847 163 1931 quid
190 1847 395 1931 relinquitur,
423 1848 507 1932 quod
535 1849 806 1913 extimescendum
830 1848 893 1913 sit?
937 1844 1091 1932 Exilium,

87 1934 193 2017 credo,
216 1935 332 2018 quod
322 1957 358 1999 1n
379 1935 537 2000 maxumis
559 1937 653 2001 malis
677 1936 812 2002 ducitur.
848 1935 935 2000 Id
909 1959 938 2001 sr
957 1940 1092 2020 propter

88 2023 227 2087 alienam
258 2026 292 2087 et
325 2023 479 2088 offensam
508 2025 620 2107 populi
649 2024 764 2088 volunt
750 2027 851 2090 tatem
882 2024 1003 2088 malum
1035 2028 1092 2108 est,

87 2133 183 2195 quam
216 2109 259 2175 sit
290 2132 328 2174 11
360 2113 607 2195 contemnenda,
645 2112 742 2195 paulo
776 2117 850 2177 ante
881 2112 1002 2177 dictum
1034 2116 1092 2178 est

87 2199 144 2263 sin
163 2199 275 2263 abesse
294 2195 399 2281 patria
418 2200 571 2264 miserum
589 2203 650 2283 est,
672 2201 789 2283 plenae
809 2200 1000 2265 miserorum
1017 2221 1092 2282 pro-

86 2287 211 2351 vinciae
241 2292 329 2370 sunt,
359 2309 397 2351 ex
428 2288 543 2371 quibus
572 2288 743 2351 admodum
770 2289 864 2371 pauci
890 2288 925 2352 in
953 2289 1092 2371 patriam

87 2377 299 2439 revertuntur.
335 2375 381 2438 At
399 2376 578 2439 multantur
603 2375 696 2440 bonis
721 2377 837 2440 exules.
875 2374 959 2450 Quid
977 2375 1068 2439 tum?
1095 2387 1143 2435 107

87 2484 242 2546 parumne
256 2463 359 2526 multa
377 2462 415 2526 de
429 2462 596 2527 toleranda
615 2465 805 2545 paupertate
824 2462 995 2526 dicuntur?
1022 2462 1092 2526 Iam

87 2572 163 2615 vero
187 2550 328 2631 exilium,
353 2550 381 2613 si
402 2570 508 2613 rerum
530 2552 692 2631 naturam,
715 2570 781 2613 non
802 2550 1014 2634 ignominiam
1036 2571 1092 2614 no·

87 2638 183 2702 minis
212 2639 407 2720 quaerimus,
436 2639 591 2720 quantum
617 2636 747 2700 tandem
774 2659 794 2700 a
819 2641 976 2720 perpetua
1003 2658 1092 2720 pere·

89 2725 269 2810 grinatione
293 2724 419 2788 differt?
443 2724 477 2788 in
500 2747 564 2808 qua
587 2727 709 2788 aetates
729 2745 803 2788 suas
826 2723 1014 2807 philosophi
1036 2746 1093 2789 no·

88 2813 239 2877 bilissimi
253 2815 527 2894 consumpserunt,
541 2810 748 2897 Xenocrates,
759 2810 906 2892 Crantor,
920 2811 1094 2896 Arcesilas,

89 2900 246 2983 Lacydes,
269 2899 475 2981 Aristoteles,
504 2899 760 2982 Theophrastus,
788 2899 888 2983 Zeno,
911 2897 1093 2984 Cleanthes,

89 2985 304 3070 Chrysippus,
323 2986 508 3070 Antipater,
527 2984 721 3072 Carneades,
740 2986 967 3066 Clitomachus,
990 2989 1092 3068 Philo,

88 3074 285 3157 Antiochus,
311 3072 500 3158 Panaetius,
525 3074 731 3159 Posidonius,
756 3076 1005 3140 innumerabiles
1030 3077 1093 3160 alii,

89 3161 144 3246 qui
166 3163 265 3226 semel
292 3164 413 3247 egressi
439 3185 614 3247 numquam
641 3163 770 3228 domum
795 3167 1003 3229 reverterunt
1048 3128 1094 3228 At'

89 3250 175 3314 enim
190 3250 257 3314 sine
270 3250 493 3334 ignominia..
508 3251 663 3315 adficere
678 3251 879 3335 sapientem?
893 3251 932 3317 de
946 3253 1092 3337 sapiente

90 3339 175 3403 enim
197 3337 277 3402 haec
301 3339 405 3404 omnis
430 3340 533 3404 oratio
557 3342 617 3423 est,
643 3338 695 3404 oui
716 3324 1094 3703 woffo

89 3427 207 3509 possit,
240 3449 316 3491 nam
348 3428 417 3491 iure
450 3427 634 3491 exulantem
667 3447 764 3493 conso
1053 3433 1094 3494 et.

88 3513 255 3580 Postremo
283 3514 324 3579 ad
348 3515 451 3580 omnis
474 3536 566 3580 casus
594 3513 770 3581 facillima·
957 3548 985 3571 u
1017 3512 1030 3529 ⁹
1096 3528 1148 3583 118
