2446 3944
547 203 788 270 -528-

167 363 374 430 ‘sententia
405 362 657 428 confirmavit
687 363 865 446 animum,
899 383 946 427 ne
978 360 1081 446 quod
1114 364 1177 427 aut

167 452 442 535 sempiternum
475 452 540 515 aut
576 451 797 515 diuturnum
828 451 983 515 timeret
1021 450 1176 533 melum,

167 561 260 622 quae
283 538 484 622 perspexit
514 539 554 602 in
579 537 650 604 hoc
677 538 765 621 ipso
792 538 894 602 vitae
922 538 1053 621 spatio
1083 538 1175 601 ami-

114 648 148 697 69
168 627 286 690 eitiae
300 626 536 709 praesidium
551 647 634 690 esse
648 623 937 689 firmissimum?
966 623 1052 690 Sunt
1065 628 1175 689 autem

167 714 297 798 quidam
324 713 475 797 Epicurei
500 714 680 779 timidiores
707 712 804 797 paulo
830 717 943 778 contra
964 715 1077 777 vestra
1101 734 1174 777 oon-

166 802 262 884 vicia,
294 801 350 865 sed
381 805 491 865 tamen
527 803 607 865 satis
639 801 737 883 acuti,
768 800 824 884 qui
855 803 1019 883 verentur,
1055 822 1113 884 ne,
1149 800 1175 865 si

167 889 344 953 amicitiam
378 893 511 972 propter
544 892 689 953 nostram
724 889 923 971 voluptatem
961 889 1174 972 expetendam

166 980 329 1060 putemus,
351 979 422 1040 tota
441 976 585 1040 amicitia
607 977 698 1060 quasi
718 976 896 1040 claudicare
914 975 1074 1040 videatur.
1111 975 1174 1040 Ita·

167 1085 228 1147 que
254 1065 376 1147 primos
404 1083 594 1147 congressus
624 1064 907 1148 copulationesque
938 1066 972 1127 et
1003 1069 1174 1130 consuetu·

167 1152 278 1215 dinum
304 1151 574 1216 instituendarum
600 1152 783 1217 voluntates
806 1151 877 1215 fieri
902 1155 1038 1235 propter
1059 1153 1173 1237 volup·

166 1241 280 1325 tatem;
319 1260 390 1303 cum
427 1243 533 1304 autem
568 1261 644 1304 usus
675 1238 885 1324 progrediens
915 1238 1174 1306 familiaritatem

168 1327 319 1408 effecerit,
341 1330 412 1390 tum
431 1348 572 1391 amorem
592 1328 789 1391 efflorescere
807 1330 947 1409 tantum,
969 1330 1021 1410 ut,
1045 1329 1173 1393 etiamsi

166 1415 257 1478 nulla
275 1415 319 1478 sit
335 1415 462 1479 utilitas
481 1436 520 1479 ex
539 1415 692 1498 amicitia,
715 1419 825 1479 tamen
841 1415 905 1498 ipsi
924 1415 1023 1479 amici
1040 1421 1174 1500 propter

168 1524 202 1566 se
221 1503 308 1586 ipsos
327 1505 482 1566 amentur.
518 1501 647 1567 Etenim
666 1504 694 1567 si
711 1503 795 1586 loca,
815 1503 843 1567 si
860 1503 950 1586 fana,
971 1503 1000 1566 si
1019 1505 1130 1588 urbes,
1148 1505 1173 1568 si

167 1590 350 1675 gymnasia,
378 1591 407 1653 si
430 1612 590 1673 campum,
617 1591 777 1669 sicanas,
803 1592 831 1655 si
854 1612 965 1675 equos,
996 1591 1026 1654 si
1048 1592 1174 1657 ludicra

167 1678 333 1743 exercendi
360 1681 416 1743 aut
438 1678 576 1742 venandi
597 1678 826 1743 consuetudine
848 1679 998 1743 adamare
1022 1681 1173 1762 solemus,

167 1770 287 1850 quanto
324 1765 356 1829 id
394 1765 430 1829 in
464 1765 632 1831 hominum
672 1766 900 1831 consuetudine
935 1765 1066 1832 facilius
1104 1769 1173 1832 fieri

115 1874 148 1922 το
167 1855 289 1937 poterit
320 1856 353 1916 et
383 1853 521 1917 iustius?
575 1851 657 1917 Sunt
688 1856 807 1937 autem,
836 1854 890 1937 qui
917 1854 1028 1918 dicant
1058 1855 1171 1920 foedus

167 1962 236 2004 esse
259 1939 418 2024 quoddam
441 1941 647 2024 sapientium,
675 1944 712 2005 ut
736 1963 777 2005 nc
800 1942 905 2005 minus
928 1942 1050 2006 amicos
1075 1966 1171 2028 quam

167 2049 201 2091 se
223 2028 312 2110 ipsos
336 2027 484 2110 diligant.
520 2026 610 2102 Quod
633 2031 666 2093 et
688 2050 783 2112 posse
804 2029 873 2092 fieri
894 2029 1119 2114 intellegimus
1142 2035 1172 2095 et

167 2135 262 2197 saepe
293 2116 409 2178 euenire
439 2116 595 2198 videmus,
629 2120 662 2179 et
692 2117 896 2200 perspicuum
927 2120 978 2182 est
1014 2118 1102 2182 nihil
1134 2119 1170 2183 ad

166 2201 301 2266 iucunde
329 2201 499 2266 vivendum
526 2204 661 2286 reperiri
690 2225 796 2286 posse,
829 2203 914 2287 quod
944 2205 1171 2271 coniunctione

166 2290 226 2354 tali
244 2289 287 2353 sit
309 2289 425 2372 aptius.
457 2287 579 2363 Quibus
598 2313 637 2355 ex
656 2292 804 2356 omnibus
821 2292 957 2355 iudicari
978 2297 1091 2376 potest
1108 2317 1171 2359 non

166 2378 261 2442 modo
288 2399 354 2441 non
381 2377 530 2460 impediri
561 2379 720 2443 rationem
748 2379 922 2462 amicitiae,
950 2380 979 2444 si
1010 2403 1170 2446 summum

166 2467 288 2529 bonum
301 2466 337 2528 in
350 2465 516 2548 voluptate
533 2470 681 2550 ponatur,
699 2467 755 2531 sed
769 2468 837 2531 sine
853 2467 915 2532 hoo
931 2467 1170 2534 institutionem

167 2554 299 2617 omnino
323 2553 482 2616 amicitiae
504 2575 570 2617 non
592 2576 686 2637 posse
711 2555 853 2637 reperiri.

233 2640 436 2723 Quapropter
463 2641 490 2705 si
517 2663 567 2725 ea,
594 2663 674 2724 quae
698 2641 776 2721 dixi,
807 2643 873 2706 sole
896 2643 967 2725 ipso
990 2643 1170 2710 illustriora

168 2732 200 2793 et
227 2729 363 2792 clariora
391 2731 478 2811 sunt,
506 2728 534 2792 si
561 2730 668 2793 omnia
693 2730 785 2810 [dixi]
813 2730 970 2794 hau'stae
999 2731 1094 2797 fonte
1116 2755 1169 2798 na·

165 2820 271 2898 turae,
295 2816 323 2879 si
340 2818 411 2880 tota
430 2817 534 2881 oratio
552 2820 664 2881 nostra
682 2838 809 2880 ornnem
828 2818 891 2881 sibi
908 2817 1004 2882 fidem
1024 2821 1169 2885 sensibus

167 2905 349 2985 confirmat,
377 2903 410 2966 id
438 2906 487 2968 est
513 2904 706 2987 incorruptis
735 2909 830 2988 atque
857 2906 993 2988 integris
1024 2909 1169 2985 testibus,

167 2992 195 3055 si
213 2991 354 3055 infantes
371 2991 471 3074 pueri,
488 2995 597 3055 mutae
615 2992 714 3056 etiam
734 2993 856 3056 bestiae
874 3014 976 3076 paene
994 2994 1169 3079 loquuntur

166 3080 325 3163 magistra
352 3099 388 3143 ao
415 3078 493 3143 duce
520 3083 636 3143 natura
666 3078 750 3143 nihil
782 3102 852 3144 esse
882 3102 1076 3165 prosperum
1108 3083 1169 3148 nisi

165 3167 379 3250 voluptatem,
410 3165 492 3229 nihil
523 3188 673 3250 asperum
703 3167 768 3232 nisi
800 3168 956 3252 dolorem,
986 3169 1026 3232 de
1056 3173 1168 3256 quibus

164 3273 267 3336 neque
301 3254 472 3336 depravate
503 3253 646 3319 iudicant
676 3276 779 3339 neque
810 3259 972 3339 corrupte,
1002 3279 1113 3325 nonne
1143 3258 1169 3322 ei

166 3340 340 3405 maximam
362 3342 501 3424 gratiam
524 3341 644 3407 habere
667 3343 831 3428 debemus,
860 3343 920 3427 qui·
934 3344 997 3408 hae
1020 3347 1170 3411 exaudita

166 3428 258 3509 quasi
284 3450 361 3493 voce
387 3433 522 3493 naturae
549 3431 594 3494 sio
629 3452 700 3495 earn
727 3431 818 3495 firme
849 3433 1056 3516 graviterque
1089 3457 1170 3501 com·

85 3486 156 3696 ἱ
163 3513 381 3599 prehenderit,
408 3519 445 3580 ut
472 3538 582 3582 omnes
609 3518 691 3583 bene
719 3540 814 3584 sanos
841 3519 877 3584 in
898 3521 984 3585 viam
1013 3523 1171 3606 placatae,

93 3647 109 3696 1

113 2610 155 2735 e
