2446 3944
531 168 772 234 ..504-

152 330 304 417 perpauci
330 330 411 396 bene
438 331 587 412 utuntur,
615 327 671 412 qui
692 331 802 393 tamen
823 327 889 412 ipsi
911 348 1007 412 saepe
1026 350 1050 397 a
1074 329 1159 395 male

152 419 319 485 utentibus
343 417 578 502 opprimuntur,
602 415 853 481 innumerabiles
877 419 986 481 autem
1007 416 1160 502 improbe

152 510 297 589 utuntur,
318 509 356 570 ut
378 505 497 569 donum
518 504 581 570 hoo
600 503 744 569 divinum
762 503 898 569 rationis
918 507 951 568 et
970 505 1101 570 consilii
1119 505 1160 571 ad

152 594 298 659 fraudem
315 591 510 676 hominibus,
527 613 593 657 non
612 592 653 656 ad
667 591 851 658 bonitatem
864 591 1072 677 impertitum
1089 615 1160 659 esse

100 683 423 876 F361mdesaddrurgetis
441 767 616 834 identidem
633 767 802 832 hominum
821 788 890 832 esse
904 766 1003 833 istam
1017 769 1160 854 culpam,

152 878 218 923 non
241 857 387 940 deorum;
409 859 446 920 ut
469 854 497 920 si
519 855 660 920 medicus
684 855 880 940 gravitatem
903 855 1019 940 morbi,
1044 858 1161 943 guber-

152 949 250 1010 nator
267 944 334 1009 vim
351 943 556 1028 tempestatis
576 946 717 1026 accuset;
740 943 802 1007 etsi
821 943 857 1007 hi
874 943 1004 1027 quidem
1022 943 1160 1010 homun-

153 1033 231 1118 culi,
264 1032 318 1097 sed
350 1035 460 1096 tamen
486 1031 621 1095 ridiculi.
667 1029 745 1106 Quis
774 1031 860 1095 enim
886 1034 919 1096 te
947 1031 1161 1118 adhibuisset,

154 1121 270 1185 dixerit
300 1120 474 1205 quispiam,
503 1118 531 1183 si
560 1119 625 1183 ista
651 1139 717 1183 non
745 1119 875 1183 essent‘?
911 1117 1036 1184 Contra
1065 1121 1160 1187 deum

153 1209 229 1274 licet
256 1208 421 1292 disputare
448 1206 592 1271 liberius.
636 1204 676 1270 In
702 1205 869 1271 hominum
896 1206 986 1272 vitiis
1014 1207 1065 1272 ais
1089 1231 1160 1274 esse

154 1296 291 1381 culpam.
326 1295 410 1360 Eam
428 1294 569 1359 dedisses
587 1293 773 1359 hominibus
791 1294 960 1378 rationem,
979 1317 1064 1379 quae
1079 1297 1159 1361 vitia

154 1385 345 1468 culpamque
364 1382 552 1448 excluderet.
584 1380 650 1447 Ubi
668 1381 770 1467 igitur
783 1383 873 1447 locus
891 1382 954 1447 fuit
968 1384 1074 1448 errori
1089 1385 1160 1449 deo

153 1473 247 1536 rum?
274 1469 359 1536 Nam
378 1469 575 1555 patrimonia
593 1491 650 1554 spe
668 1470 749 1534 bene
767 1469 916 1534 tradendi
933 1471 1160 1557 relinquimus,

155 1581 218 1643 qua
234 1580 406 1644 possumus
420 1558 508 1640 falli3
527 1557 603 1622 deus
617 1556 690 1622 falli
705 1557 760 1641 qui
773 1558 902 1642 potuit?
925 1557 980 1622 An
993 1563 1031 1623 ut
1046 1557 1113 1644 Sol,
1126 1560 1160 1624 in

154 1669 282 1712 currum
305 1669 378 1712 cum
399 1645 638 1711 Phaethontem
659 1645 764 1709 filium
787 1645 932 1730 sustulit,
955 1650 1013 1710 aut
1036 1646 1159 1732 Neptu-

102 1834 135 1883 a
153 1733 1013 1908 llislmalltleltalsstpltllhltelelllltatffi
1029 1738 1160 1889 *tlt

153 1933 226 1974 rum
255 1911 320 1974 ista
350 1914 438 1993 sunt,
466 1931 526 1974 nos
555 1913 663 1974 autem
689 1909 877 1994 philosophi
904 1911 1159 1995 essevolumus,

123 1993 126 2000 ’
154 2019 262 2062 rerum
286 2001 441 2081 auctores,
464 2019 530 2062 non
551 1997 744 2062 fabularum.
781 1995 890 2081 Atque
912 1997 948 2063 hi
964 2002 1076 2063 tamen
1095 1999 1160 2084 ipsi

155 2085 187 2149 di
216 2085 334 2169 poetici
364 2085 392 2149 si
419 2085 556 2149 scissent
583 2085 763 2169 perniciosa
789 2084 859 2150 fore
885 2085 945 2151 illa
965 2086 1059 2171 filiis,
1088 2109 1160 2172 pec·

155 2194 244 2238 casse
267 2173 302 2237 in
324 2173 478 2236 beneficio
501 2176 701 2258 putarentur.
736 2172 790 2256 Et,
813 2173 970 2238 sicerum
989 2177 1049 2259 est,
1074 2175 1160 2259 quod

154 2259 267 2324 Aristo
282 2258 381 2325 Chius
405 2259 509 2325 dicere
532 2261 668 2344 solebat,
689 2282 804 2325 nocere
827 2261 1030 2325 audientibus
1055 2263 1160 2348 philo

155 2348 275 2433 sophos
293 2348 343 2433 iis,
366 2348 421 2432 qui
439 2348 519 2412 bene
539 2348 624 2413 dicta
642 2348 727 2412 male
740 2348 1031 2433 interpretarentur
1048 2351 1160 2436 (posse

155 2437 240 2502 enim
268 2439 376 2501 asotos
405 2458 443 2500 ex
469 2435 644 2521 Aristippi,
676 2436 808 2500 acerbos
836 2458 853 2500 e
881 2435 1017 2501 Zenonis
1046 2439 1161 2504 schola

155 2521 269 2610 exire),
291 2546 433 2608 prorsus,
456 2524 493 2607 si,
516 2524 571 2608 qui
594 2523 772 2607 audienmt,
794 2523 905 2589 vitiosi
928 2528 1037 2589 essent
1061 2526 1161 2591 dioes-

156 2612 235 2695 suri,
266 2612 350 2696 quod
373 2633 522 2698 perverse
544 2611 813 2697 philosophorum
837 2611 1092 2696 disputationem
1114 2615 1160 2678 in-

155 2704 421 2785 terpretarentur,
442 2703 548 2764 tacere
570 2702 752 2784 praestaret
769 2698 972 2785 philosophis
992 2722 1093 2784 quam
1110 2702 1160 2785 iis,

103 2797 136 2846 78
156 2788 212 2872 qui
239 2809 273 2852 se
301 2787 479 2871 audissent,
508 2808 631 2851 nocere.
676 2785 741 2870 Sic,
769 2787 797 2851 si
822 2786 969 2852 homines
997 2790 1161 2854 rationem

155 2876 240 2940 bono
270 2875 404 2940 consilio
435 2898 454 2938 a
482 2874 530 2938 dis
557 2875 797 2940 immortalibus
821 2875 931 2940 datam
953 2875 988 2938 in
1009 2875 1160 2942 fraudem

155 2963 377 3046 malitiamque
396 2965 595 3046 convertunt,
612 2985 679 3028 non
696 2963 766 3028 dari
783 2963 874 3027 illam
893 2985 990 3047 quam
1012 2964 1085 3029 dari
1103 2966 1160 3030 hu·

155 3073 251 3116 mano
282 3050 392 3136 generi
419 3050 534 3114 melius
556 3050 627 3114 fuit.
672 3049 733 3134 Ut,
763 3051 792 3115 si
814 3050 955 3115 medicus
978 3051 1062 3116 sciat
1087 3075 1160 3118 eum

156 3142 334 3224 aegrotum,
354 3138 409 3221 qui
422 3138 528 3202 iussus
544 3137 587 3202 sit
600 3138 711 3203 vinum
725 3160 860 3222 sumere,
878 3139 1035 3203 meracius
1052 3162 1160 3226 sump-

155 3230 265 3289 turum
292 3226 467 3309 statimque
490 3225 682 3310 periturum,
710 3248 829 3311 magna
852 3226 951 3290 sitin
974 3227 1086 3312 culpa,
1114 3229 1161 3293 sio

155 3316 266 3376 vestra
286 3313 351 3377 ista
373 3313 577 3398 providentia
599 3314 868 3399 reprehendenda,
894 3336 974 3397 quae
997 3316 1160 3381 rationem

155 3400 279 3464 dederit
300 3401 350 3484 iis,
374 3423 454 3483 quos
478 3401 586 3466 scierit
605 3414 643 3466 ea
660 3423 809 3485 perverse
829 3406 861 3466 et
879 3402 1014 3486 inprobe
1033 3425 1161 3469 usuros.

153 3485 231 3552 Nisi
251 3486 337 3552 forte
360 3487 465 3555 dicitis
489 3511 561 3554 eam
582 3489 730 3554 nescisse.
766 3488 902 3555 Utinam
924 3489 1069 3574 quidem!
1097 3489 1162 3558 Sed
