2446 3944
534 161 774 226 -232-

149 325 301 388 naturam
311 341 409 404 quam
418 339 515 404 mors,
529 340 627 402 quam
635 322 821 404 paupertas,
837 340 935 402 quam
944 317 1045 401 dolor,
1059 340 1164 403 quam

150 414 271 493 cetera,
299 429 381 493 quae
407 410 546 492 possunt
573 410 630 471 aut
656 407 785 491 corpori
812 406 954 471 accidere
981 410 1039 471 aut
1060 408 1163 473 rebus

151 497 300 563 externis.
344 494 432 559 Nam
459 494 617 580 principio
645 495 736 558 tollit
765 495 948 559 convictum
979 493 1164 560 humanum

150 590 184 651 et
207 584 405 650 societatem.
441 580 584 647 sienim
608 582 654 646 sic
677 583 796 646 erimus
819 582 946 667 adfecti,
968 585 1006 646 ut
1023 587 1163 668 propter

152 696 245 738 suum
273 672 409 754 quisque
436 671 688 735 emolumentum
715 670 834 755 spoliet
866 673 923 735 aut
950 670 1052 735 violet
1080 672 1164 736 alte·

151 784 233 844 rum,
256 758 414 842 disrumpi
435 780 565 824 necesse
588 761 651 842 est,
675 779 745 822 eam
771 779 853 841 quae
876 758 1015 822 maxime
1038 763 1089 822 est
1111 781 1163 824 se-

97 867 132 916 ra
151 849 290 915 cundum
311 850 476 930 naturam,
498 846 632 911 humani
655 845 782 931 generis
805 845 1001 911 societatem.
1046 845 1107 929 Ut,
1131 848 1164 912 si

150 959 251 1003 unum
278 935 426 1020 quodque
453 935 635 999 membrum
663 955 793 998 sensum
823 933 910 998 hune
940 934 1090 1016 haberet,
1121 939 1162 999 ut

150 1046 247 1110 posse
274 1026 405 1108 putaret
434 1044 468 1086 se
494 1022 616 1106 valere,
648 1021 677 1085 si
705 1021 845 1106 proximi
871 1022 1009 1086 membri
1035 1023 1162 1087 valetu-

152 1113 259 1177 dinem
282 1111 323 1176 ad
347 1133 381 1174 se
403 1110 617 1194 traduxisset,
647 1109 811 1174 debilitari
839 1112 872 1174 et
893 1110 1028 1174 interire
1050 1113 1162 1175 totum

152 1222 268 1286 corpus
290 1219 421 1264 necesse
444 1201 539 1282 esset,
562 1198 617 1282 sic,
641 1197 668 1261 si
691 1219 773 1262 unus
797 1198 932 1281 quisque
949 1201 1099 1262 nostrum
1118 1199 1163 1263 ad

44 1281 48 1287 ’
152 1311 187 1354 se
209 1288 317 1373 rapiat
339 1285 508 1352 commoda
531 1285 669 1350 aliorum
692 1285 914 1370 detrahatque,
937 1286 1023 1369 quod
1045 1286 1163 1370 cuique

151 1376 270 1462 possit,
297 1375 508 1440 emolumenti
536 1374 586 1438 sui
614 1373 734 1459 gratia,
764 1374 901 1438 societas
929 1374 1100 1438 hominum
1127 1379 1164 1440 et

152 1464 367 1530 communitas
391 1466 556 1527 evertatur
578 1466 709 1527 necesse
732 1465 792 1526 est.
827 1459 914 1526 Nam
933 1460 997 1526 sibi
1018 1466 1056 1526 ut
1074 1463 1163 1546 quis-

152 1575 215 1637 que
237 1552 345 1634 malit,
364 1551 449 1635 quod
468 1551 508 1615 ad
526 1572 620 1615 usum
638 1550 725 1614 vitae
743 1549 919 1635 pertineat,
942 1572 1040 1634 quam
1063 1551 1162 1615 alteri

153 1640 338 1724 adquirere,
356 1661 543 1705 conoessum
561 1641 695 1702 estnon
712 1641 914 1722 repugnante
932 1642 1059 1722 natura,
1077 1639 1163 1704 illud

152 1733 270 1793 natura
292 1749 358 1792 non
384 1727 518 1811 patitur,
540 1728 578 1790 ut
605 1725 744 1790 aliorum
771 1725 884 1808 spoliis
907 1729 1037 1791 nostras
1059 1726 1163 1791 facul-

99 1820 253 1898 aetates,
276 1815 399 1898 copias,
423 1835 500 1897 opes
524 1835 708 1898 augeamur.
745 1811 858 1896 Neque
876 1835 953 1878 vero
971 1813 1035 1879 hoc
1053 1815 1162 1880 solum

152 1908 284 1985 natura,
306 1901 339 1965 id
363 1904 413 1964 est
435 1901 505 1965 iure
527 1901 686 1986 gentium,
711 1900 767 1965 sed
790 1901 889 1966 etiam
912 1902 1040 1987 legibus
1059 1925 1162 1988 popu·

153 1991 273 2072 lorum,
296 1989 412 2072 quibus
435 1988 470 2051 in
493 1988 631 2073 singulis
655 1988 842 2054 civitatibus
861 2011 913 2053 res
936 1989 1069 2074 publica
1086 2013 1162 2055 con·

153 2079 288 2160 tinetur,
321 2075 433 2140 eodem
460 2075 557 2141 modo
587 2076 800 2141 constitutum
827 2080 890 2161 est,
913 2080 1040 2142 utnon
1062 2078 1162 2142 liceat

153 2167 205 2231 sui
228 2163 388 2229 commodi
414 2185 512 2228 causa
538 2184 652 2228 nocere
681 2164 789 2247 alteri3
816 2165 879 2230 hoc
901 2165 987 2229 enim
1011 2169 1162 2249 spectant

152 2255 256 2339 leges,
278 2252 341 2316 hoc
362 2251 490 2334 volunt,
512 2251 707 2315 incolumem
730 2273 800 2315 esse
823 2252 942 2317 civium
965 2254 1162 2319 coniunctio-

152 2364 241 2424 nem3
268 2362 365 2424 quam
393 2339 449 2421 qui
476 2338 644 2424 dirimunt,
667 2361 723 2403 eos
746 2343 860 2422 morte,
884 2341 1012 2425 exsilio,
1034 2341 1162 2425 vinclis

154 2429 272 2494 damno
295 2430 452 2492 coercent.

220 2515 330 2599 Atque
351 2514 414 2579 hoc
439 2516 543 2579 multo
567 2515 672 2600 magis
696 2514 796 2580 efficit
818 2515 891 2599 ipsa
908 2519 1046 2582 naturae
1065 2519 1161 2602 ratic,

155 2626 236 2688 quae
260 2607 310 2667 est
333 2603 385 2667 lex
408 2602 516 2667 divina
543 2606 576 2667 et
598 2603 753 2685 humana3
781 2603 832 2667 cui
858 2625 973 2687 parere
1001 2605 1057 2688 qui
1080 2606 1161 2671 velit

154 2691 280 2777 (omnes
300 2694 408 2755 autem
426 2691 601 2774 parebunt,
615 2690 671 2773 qui
690 2690 865 2755 secundum
882 2696 1035 2756 naturam
1048 2693 1161 2758 volent

153 2779 292 2864 vivere),
318 2801 495 2863 numquam
518 2779 713 2861 committet,
740 2781 777 2842 ut
805 2777 947 2843 alienum
970 2784 1105 2864 appetat
1128 2785 1161 2845 et

101 2886 136 2935 24
154 2868 200 2952 id,
237 2867 324 2952 quod
356 2866 452 2930 alteri
488 2865 677 2950 detraxerit,
716 2865 779 2929 sibi
815 2865 974 2932 adsumat.
1026 2868 1159 2932 Etenim

154 2957 258 3021 multo
281 2955 387 3040 magis
416 2957 466 3018 est
494 2953 667 3019 secundum
689 2957 842 3018 naturam
865 2955 1037 3020 excelsitas
1061 2956 1162 3021 animi

154 3047 188 3108 et
222 3041 412 3129 magnitudo
444 3042 588 3125 itemque
620 3041 769 3125 comitas,
806 3042 946 3126 iustitia,
979 3043 1161 3109 liberalitas

154 3153 252 3213 quam
274 3131 443 3215 voluptas,
466 3151 564 3212 quam
586 3128 667 3213 vita,
691 3151 788 3213 quam
813 3129 959 3218 divitiae3
987 3152 1070 3215 quae
1094 3133 1162 3216 qui-

154 3219 226 3282 dem
259 3222 462 3283 contemnere
495 3221 528 3282 et
559 3238 618 3302 pro
645 3216 747 3280 nihilo
776 3217 890 3282 ducere
918 3224 1162 3303 comparantem

154 3328 227 3371 cum
256 3305 400 3369 utilitate
430 3305 593 3372 communi
623 3304 733 3391 magni
761 3305 861 3369 animi
893 3309 926 3369 et
956 3307 1075 3372 excelsi
1103 3310 1162 3372 est.

155 3392 348 3474 [Detrahere
367 3398 476 3459 autem
494 3393 533 3459 de
552 3394 655 3458 altero
680 3393 730 3456 sui
752 3393 913 3458 commodi
935 3417 1034 3461 causa
1056 3396 1162 3481 magis

153 3486 205 3547 est
232 3484 346 3547 eontra
372 3487 523 3548 naturam
552 3503 649 3566 quam
677 3502 779 3565 mors,
807 3503 904 3566 quam
934 3482 1036 3565 dolor,
1064 3506 1163 3566 quam
1211 3555 1214 3558 ,
