2446 3944
535 174 775 238 -156-

101 323 143 388 23
220 341 358 407 Omnino
381 340 462 405 illud
488 341 674 425 honestum,
707 342 793 425 quod
825 363 863 405 ex
896 341 1002 406 animo
1031 342 1161 408 excelso

102 401 134 451 ⁷⁹
155 431 389 515 magnificoque
412 429 608 513 quaerimus,
632 429 732 493 animi
754 428 901 511 efficitur,
923 450 989 493 non
1011 429 1160 513 eorporis

153 517 285 583 viribus.
320 517 542 581 Exercendum
564 520 675 581 tamen
697 538 812 601 eorpus
836 520 868 580 et
887 517 934 581 ita
953 515 1161 582 afficiendum

155 609 216 689 est,
230 609 268 670 ut
286 604 436 670 oboedire
455 605 590 669 consilio
609 604 791 688 rationique
809 605 915 690 possit
932 604 967 667 in
986 626 1161 688 exsequen-

154 694 203 757 dis
225 693 367 779 negotiis
391 695 424 756 et
445 693 480 756 in
502 693 615 758 labore
632 692 811 757 tolerando,
840 691 1023 757 Honestum
1047 697 1161 758 autem
1205 712 1207 721 ¹

153 780 200 865 id,
223 780 309 864 quod
327 780 537 865 exquirimus,
555 784 662 845 totum
681 783 731 844 est
748 779 892 865 positum
910 780 945 843 in
963 780 1064 844 animi
1083 802 1162 846 eura

155 872 188 934 et
211 869 422 955 cogitatione,
448 869 483 932 in
511 890 574 952 quo
601 890 667 932 non
694 867 850 932 minorem
878 868 1056 932 utilitatem
1084 869 1162 933 affe·

154 960 244 1041 runt,
267 957 323 1040 qui
345 955 452 1041 togati
474 957 522 1020 rei
543 956 691 1040 publicae
709 959 878 1040 praesunt,
903 978 1000 1040 quam
1018 956 1074 1039 qui
1093 957 1162 1022 bel·

155 1045 223 1109 lum
252 1048 378 1130 gerunt.
427 1043 542 1127 Itaque
574 1065 685 1108 eorum
718 1044 852 1109 consilio
881 1065 976 1129 saepe
1008 1047 1066 1108 eut
1093 1066 1162 1109 non

156 1136 304 1216 suscepta
323 1136 379 1196 aut
398 1131 543 1196 confecta
561 1132 649 1196 bella
668 1135 759 1214 sunt,
777 1153 843 1195 non
860 1154 1037 1215 numquam
1056 1133 1159 1198 etiam

155 1221 271 1304 inlata,
293 1223 330 1284 ut
347 1219 390 1284 M.
406 1218 539 1284 Catonis
562 1220 683 1284 bellum
701 1220 835 1283 tertium
849 1218 1015 1304 Punicum,
1037 1219 1072 1284 in
1095 1242 1161 1304 quo

103 1309 254 1375 suetiam
279 1307 400 1372 mortui
421 1307 525 1372 valuit
544 1307 729 1372 auctoritas.
766 1304 872 1381 Quare
891 1308 1067 1393 expetenda
1092 1308 1162 1392 qui·

156 1396 228 1460 dem
251 1395 357 1481 magis
380 1399 430 1460 est
454 1394 642 1460 decernendi
664 1395 750 1459 ratio
774 1417 871 1478 quam
890 1395 1074 1460 decertandi
1096 1396 1162 1461 fer-

155 1482 275 1567 titudo,
291 1484 346 1548 sed
364 1483 549 1567 cavendum,
567 1505 608 1547 ne
625 1483 659 1547 id
677 1483 820 1547 bellandi
839 1484 944 1569 magis
962 1483 1042 1569 fuga
1061 1505 1161 1567 quam

154 1571 309 1636 utilitatis
327 1572 453 1636 ratione
471 1570 636 1636 faciamus.
668 1569 796 1635 Bellum
816 1576 924 1635 autem
941 1571 990 1636 ita
1008 1571 1162 1656 suseipia-

156 1662 224 1742 tur,
251 1663 289 1722 ut
314 1659 397 1723 nihil
421 1659 508 1723 aliud
529 1659 593 1723 nisi
615 1681 679 1743 pax
702 1659 849 1743 quaesita
871 1659 1027 1723 videatur.

220 1745 329 1811 Fortis
364 1768 441 1811 vero
479 1747 579 1811 animi
615 1751 648 1810 et
684 1747 864 1811 constantis
897 1751 947 1811 est
985 1769 1052 1812 non
1088 1769 1162 1832 per·

155 1833 282 1898 turbari
311 1834 346 1897 in
368 1835 463 1898 rebus
487 1835 609 1919 asperis
637 1855 695 1898 nee
717 1835 971 1899 tumultuantem
994 1835 1033 1899 de
1057 1835 1162 1921 gradu

157 1921 249 2004 deici,
283 1924 320 1984 ut
355 1921 484 2004 dieitur,
519 1922 574 1986 sed
605 1922 769 2006 praesenti
800 1922 908 1986 animo
939 1922 989 1986 uti
1020 1927 1053 1987 et
1085 1945 1162 1989 eon-

104 2009 230 2074 81sili0
253 2030 311 2073 nee
335 2009 497 2073 aratione
525 2008 693 2073 discedere.
738 2008 940 2094 Quamquam
962 2011 1024 2076 hoe
1052 2010 1162 2096 animi,

156 2095 256 2160 illud
275 2095 374 2160 etiam
409 2096 532 2181 ingenii
566 2097 678 2182 magni
714 2102 777 2180 est,
817 2098 1002 2184 praecipere
1038 2099 1162 2184 eogita-

156 2184 245 2248 tione
284 2182 395 2248 futura
436 2188 468 2248 et
509 2184 676 2268 aliquanto
717 2189 792 2250 ante
833 2187 1043 2270 constituere,
1083 2186 1163 2270 quid

157 2271 298 2337 accidere
329 2271 434 2356 possit
465 2272 500 2335 in
530 2276 700 2356 utramque
727 2279 868 2359 partem,
900 2279 933 2339 et
964 2275 1041 2358 quid
1064 2296 1162 2361 agen·

158 2360 233 2424 dum
270 2360 325 2442 sit,
366 2382 439 2424 eum
476 2360 552 2443 quid
588 2361 743 2445 evenerit,
778 2384 836 2427 nee
877 2363 1091 2448 committere,
1123 2367 1162 2428 ut

158 2447 330 2530 aliquando
362 2446 530 2534 dicendum
557 2448 613 2512 sit:
641 2447 728 2512 ‘Non
754 2449 927 2533 putaram'.
971 2451 1060 2516 Haec
1084 2456 1161 2516 sunt

158 2557 256 2618 opera
274 2536 385 2621 magni
404 2536 504 2599 animi
527 2539 559 2600 et
578 2535 696 2601 excelsi
719 2540 752 2599 et
769 2538 942 2621 prudentia
961 2538 1161 2623 consilioque

157 2623 300 2708 fidentis3
332 2627 453 2688 temere
481 2625 589 2688 autem
616 2624 651 2688 in
674 2624 742 2688 aeie
764 2626 888 2689 versari
910 2630 943 2689 et
966 2647 1064 2690 manu
1087 2648 1162 2692 eum

156 2712 251 2777 hoste
275 2711 447 2798 confligere
469 2711 609 2776 immane
633 2711 784 2795 quiddam
807 2713 840 2775 et
862 2712 1031 2777 beluarum
1054 2713 1161 2780 simile

158 2804 221 2884 est3
252 2801 308 2865 sed
337 2823 409 2865 cum
441 2804 567 2886 tempus
598 2799 836 2882 necessitasque
866 2801 1024 2885 postulat,
1054 2801 1161 2866 decer·

157 2888 291 2952 tandum
324 2910 421 2952 manu
454 2892 503 2952 est
535 2893 568 2952 et
600 2910 687 2952 mors
720 2889 870 2953 servituti
901 2889 1162 2975 turpitudinique

106 2975 476 3128 24anteli)iemiiiilratendis
500 3067 608 3127 autem
636 3063 885 3148 diripiendisque
907 3064 1043 3130 urbibus
1065 3065 1163 3131 valde

106 3117 139 3166 82
160 3150 426 3215 considerandum
449 3154 499 3214 est
520 3171 561 3214 ne
580 3151 657 3234 quid
674 3154 808 3234 temere,
826 3174 866 3215 ne
886 3154 962 3236 quid
981 3153 1162 3218 crudeliter.

158 3236 259 3320 ldque
288 3242 337 3302 est
368 3238 480 3324 magni
507 3238 581 3322 viri,
613 3239 709 3304 rebus
739 3239 872 3324 agitatis
899 3241 1013 3325 punire
1042 3244 1163 3326 sontes,

158 3325 399 3389 multitudinem
422 3348 624 3410 conservare,
646 3327 681 3390 in
700 3328 788 3392 omni
805 3327 937 3393 fortuna
956 3333 1044 3394 reeta
1063 3332 1163 3413 atque

159 3412 296 3477 honesta
325 3414 471 3480 retinere.
523 3412 569 3478 Ut
601 3414 686 3478 enim
717 3420 805 3498 sunt,
835 3438 932 3500 quem
960 3417 1001 3481 ad
1030 3417 1164 3482 modum

162 3522 260 3580 supra
284 3500 362 3583 dixi,
386 3501 441 3584 qui
463 3501 595 3566 urbanis
619 3502 715 3566 rebus
733 3504 868 3569 bellicas
888 3508 1097 3590 anteponant,
1116 3504 1164 3570 sie
