2446 3944
542 182 782 248 ..450-

159 340 383 406 beatissimum
411 341 509 404 ctiam
539 340 695 404 dixerim?
747 338 901 405 Dolorem
928 360 1009 405 vero
1043 339 1178 424 sapiens

160 429 367 494 extimescet?
389 428 419 492 is
438 429 523 493 enim
546 428 621 492 huic
640 429 778 493 maxime
797 427 975 492 sententiae
998 432 1175 514 repugnat

159 517 243 583 Nam
262 519 375 581 contra
392 520 529 581 mortem
550 520 697 581 nostram
716 519 812 600 atque
831 517 1021 580 nostrorum
1044 521 1174 582 contra·

160 626 220 689 que
240 603 473 689 aegritudinem
492 607 525 668 et
538 605 676 687 reliquas
691 604 792 669 animi
808 603 1079 686 perturbationes
1095 605 1174 669 satis

160 713 229 758 esse
243 691 388 756 videmur
406 691 607 774 superiorum
621 693 744 756 dierum
759 690 1036 774 disputationibus
1054 692 1175 758 armati

160 784 193 845 et
213 781 332 864 parati,
359 780 451 844 dolor
470 800 539 844 esse
557 780 683 845 videtur
701 801 883 844 acerrumus
902 779 1036 844 virtutis
1063 780 1175 845 adver·

160 867 276 951 sarius,
312 868 341 932 is
379 868 526 932 ardentes
557 867 643 933 faces
682 869 836 951 intentat,
866 867 895 932 is
931 866 1173 950 fortitudinem,

160 955 415 1039 magnitudinem
436 956 547 1039 animi,
569 956 760 1039 patientiam
785 978 818 1020 se
841 954 1093 1020 debilitaturum
1116 956 1173 1020 mi·

107 1058 140 1107 ιι
159 1047 262 1108 natur.
311 1043 396 1108 Huic
423 1043 523 1128 igitur
550 1045 735 1109 succumbet
756 1043 873 1125 virtus,
897 1041 973 1105 huic
997 1042 1101 1108 beata
1124 1065 1171 1108 sa·

159 1131 277 1214 pientia
301 1135 334 1195 et
357 1131 536 1195 constantis
558 1132 620 1196 viri
643 1132 711 1195 vita
676 1129 847 1196 toedet?
893 1129 998 1205 Quam
1020 1134 1170 1215 turpe,o

160 1219 192 1283 di
215 1219 304 1284 bonil
341 1218 437 1283 Pueri
459 1217 640 1301 Spartiatae
663 1240 728 1283 non
750 1219 972 1304 ingemescunt
995 1219 1170 1284 verberum

160 1307 268 1372 dolore
304 1306 429 1372 laniati.
482 1306 687 1371 Adulescent
663 1310 746 1371 trum
779 1325 893 1391 greges
925 1303 1169 1372 Lacedaemone

159 1395 334 1459 vidimus
325 1394 388 1479 ipsi
414 1394 592 1459 incredibili
620 1395 824 1459 contentione
852 1393 1008 1458 certantis
1040 1396 1169 1479 pugnis,

161 1482 315 1565 calcibus,
342 1483 516 1583 unguibus,
543 1504 653 1548 morsu
676 1482 823 1566 denique,
850 1503 920 1546 cum
945 1483 1169 1547 exanimaren-

159 1573 214 1634 tur
235 1570 353 1722 prius,t
356 1591 485 1720 quamt
483 1570 584 1635 victos
609 1592 643 1635 se
671 1570 859 1635 faterentur
904 1568 993 1645 Quae
1017 1570 1168 1635 barbaria

159 1657 253 1723 India
279 1658 402 1723 vastior
428 1660 485 1722 aut
513 1663 622 1743 agrest
608 1658 735 1724 tior?
725 1681 759 1722 m
782 1680 821 1722 ea
849 1660 959 1720 tamen
982 1661 1083 1740 gente
1105 1658 1166 1742 pri·

160 1768 249 1811 mum
271 1746 315 1828 ei,
337 1747 392 1828 qui
415 1745 576 1828 sapientes
599 1746 773 1828 habentur,
800 1744 878 1809 nudi
901 1747 1043 1808 aetatem
1068 1749 1167 1830 agunt

161 1837 193 1897 et
212 1831 346 1898 Caucasi
368 1833 457 1897 nives
480 1833 715 1916 hiemalemque
738 1833 804 1897 vim
827 1830 997 1915 perferunt
1019 1832 1093 1897 sine
1116 1833 1165 1897 do·

159 1921 239 2002 lore,
267 1941 400 2002 cumque
424 1920 464 1985 ad
491 1921 654 1985 flammam
678 1942 711 1985 se
736 1920 990 2003 adplicaverunt,
1022 1919 1094 1985 sine
1117 1940 1165 2005 ge

107 2030 141 2079 ιιι
161 2007 242 2071 mitu
274 2007 460 2072 aduruntur.
512 2007 663 2073 Mulieres
695 2030 771 2074 vero
802 2008 837 2072 in
866 2006 973 2090 India,
1011 2029 1088 2072 cnm
1120 2011 1166 2073 est

161 2095 337 2159 communis
361 2116 469 2158 earum
492 2095 543 2159 vir
565 2101 725 2178 mortuus,
752 2096 787 2159 in
810 2098 971 2160 certamen
998 2094 1166 2161 iudicium·

160 2204 220 2266 que
235 2182 375 2265 veniunt,
393 2204 490 2265 quam
507 2184 682 2265 plurimum
701 2184 756 2248 ille
775 2182 923 2247 dilexerit
942 2179 1067 2266 (plures
1084 2185 1167 2248 enim

160 2270 296 2355 singulis
316 2270 421 2334 solent
440 2292 509 2334 esse
527 2269 676 2356 nuptae);
699 2293 780 2354 quae
799 2275 848 2335 est
867 2269 994 2352 victrix,
1019 2292 1060 2334 ea
1083 2272 1168 2336 laeta

159 2359 423 2440 prosequentibus
444 2358 510 2422 suis
529 2382 592 2423 una
611 2381 684 2423 cum
702 2360 771 2424 viro
791 2359 826 2423 in
844 2378 959 2442 rogum
978 2358 1168 2442 imponitur,

159 2447 216 2510 illa
241 2446 327 2511 victa
354 2449 479 2511 maesta
506 2446 648 2511 discedit.
697 2445 883 2529 Numquam
913 2448 1065 2510 naturam
1098 2469 1167 2512 mos

160 2534 312 2619 vinceret3
336 2538 386 2599 est
404 2535 488 2599 enim
513 2555 549 2598 ea
573 2556 699 2617 semper
716 2534 850 2618 invicta3
874 2532 1008 2598 aeduos
1032 2535 1170 2619 umbris,

161 2622 297 2704 deliciis,
329 2623 411 2705 otio,
447 2622 614 2706 languore,
651 2621 773 2686 desidia
809 2621 951 2687 animum
985 2621 1169 2705 infecimus,

161 2710 363 2792 opinionibus
409 2710 556 2792 maloque
602 2730 690 2773 more
735 2709 909 2773 delenitum
957 2710 1168 2776 mollivimus.

160 2797 397 2881 Aegyptiorum
427 2819 548 2861 morem
581 2798 652 2880 quis
684 2796 834 2882 ignorat?
865 2818 1001 2880 quorum
1033 2797 1168 2862 inbutae

160 2889 285 2950 mentes
303 2884 473 2967 pravitatis
492 2884 654 2949 erroribus
674 2884 818 2969 quamvis
838 2884 1058 2949 camificinam
1077 2887 1168 2969 prius

161 2972 330 3055 subierint,
366 2995 461 3056 quam
497 2972 576 3036 ibim
609 2976 665 3036 aut
696 2972 839 3054 aspidem
871 2975 928 3036 aut
958 2971 1077 3036 faelem
1111 2977 1168 3038 aut

160 3083 272 3126 canem
297 3064 353 3124 aut
376 3059 570 3125 crocodilum
588 3059 723 3142 violent,
746 3081 881 3143 quorum
904 3059 1033 3124 etiamsi
1057 3061 1169 3144 inpru-

160 3149 271 3212 dentes
301 3148 467 3232 quippiam
500 3147 649 3230 feceriut,
684 3169 822 3230 poenam
854 3147 976 3211 nullam
1007 3153 1168 3214 recusent.

107 3255 141 3304 79
160 3235 208 3299 De
235 3236 419 3300 hominibus
441 3235 568 3318 loqu0r3
595 3234 693 3318 quid?
721 3235 843 3299 bestiae
866 3257 932 3299 non
959 3234 1079 3320 frigus,
1100 3258 1168 3301 non

159 3323 292 3406 famem,
314 3345 379 3388 non
401 3324 605 3408 montivagos
629 3327 724 3407 atque
743 3323 899 3387 silvestris
918 3344 1031 3387 cursus
1050 3324 1166 3389 lustra-

159 3410 326 3494 tionesque
344 3411 533 3494 patiuntur?
551 3432 618 3475 uon
636 3432 693 3493 pro
709 3432 767 3475 suo
780 3415 876 3493 partu
889 3410 936 3474 ita
948 3416 1168 3496 propugnant,

74 3490 198 3731 Ἶι
222 3499 357 3565 vulnera
383 3499 555 3583 excipiant,
577 3498 684 3563 nullos
706 3498 860 3582 impetus,
883 3499 989 3563 nullos
1011 3500 1097 3565 ictus
1120 3521 1166 3564 re

128 3636 145 3708 b
