2446 3944
439 193 678 258 -143-

56 353 228 440 proposita
251 353 358 438 gloria
380 357 440 437 est,
462 354 569 419 minus
592 354 705 419 acerbe
729 354 869 439 gerenda
891 359 976 421 sunt.
1016 355 1063 424 Ut
1163 395 1166 399 ·

58 441 146 507 enim
178 463 251 506 curn
282 441 346 506 civi
377 441 473 506 aliter
505 441 741 525 contendimus,
773 442 801 507 si
829 445 880 506 est
906 443 1065 528 inimicus,

57 530 162 611 aliter,
186 529 214 592 si
236 529 430 613 competitor
453 527 540 614 (cum
564 530 666 594 altero
690 533 854 594 certamen
874 530 1008 596 honoris
1032 536 1065 597 et

58 617 229 702 dignitatis
253 621 316 700 est,
343 639 416 682 cum
439 618 542 682 altero
566 617 682 701 capitis
706 620 739 681 et
765 614 895 703 famae),
923 619 969 684 sic
992 642 1064 685 cum

58 705 242 788 Celtiberis,
266 727 339 770 curn
358 703 498 770 Cimbris
516 706 640 770 bellum
660 707 698 769 ut
720 727 792 769 cum
814 705 953 771 inimicis
977 728 1065 792 gere

56 795 169 876 batur,
196 797 270 857 uter
297 797 395 876 esset,
426 815 492 858 non
519 797 591 858 uter
617 793 806 877 imperaret,
834 816 907 859 cum
929 794 1065 881 Latinis,

58 879 198 965 Sabinis,
221 878 430 964 Samnitibus,
452 880 582 966 Poenis,
604 880 729 965 Pyrrho
753 880 792 945 de
815 882 951 966 imperio
975 883 1066 948 dimi-

57 970 202 1034 cabatur.
242 968 343 1034 Poeni
364 968 551 1054 foedifragi,
578 969 716 1034 crudelis
738 968 918 1053 Hannibal,
948 973 1066 1055 reliqui

56 1057 218 1122 iustiores.
263 1056 381 1141 Pyrrhi
408 1056 537 1140 quidem
567 1055 605 1121 de
636 1057 773 1141 captivis
806 1055 974 1123 reddendis
1006 1061 1067 1124 illa

81 1145 241 1209 raeclara:
621 1190 625 1196 ,

57 1167 78 1230 p
102 1231 180 1297 Nec
194 1232 245 1296 mi
260 1254 392 1297 aurum
406 1254 525 1317 posco
538 1254 607 1298 nec
620 1233 670 1297 mi
683 1232 851 1317 pretium
866 1232 1066 1317 dederitis,

101 1319 181 1385 Nec
208 1325 470 1406 cauponantes
498 1320 656 1404 bellurn,
675 1321 754 1393 ,sed
781 1320 1066 1405 belligerantes

101 1406 234 1492 Ferro,
255 1430 331 1473 non
354 1430 445 1473 auro
468 1408 589 1474 vitam
612 1430 810 1473 cernamus
832 1408 997 1491 utrique.

101 1494 231 1561 Vosne
253 1497 350 1562 velit
373 1519 420 1561 an
442 1517 497 1560 me
520 1517 682 1581 regnare
706 1517 783 1580 era,
807 1496 944 1647 unidve
962 1495 1066 1561 ferat
1153 1536 1160 1553 a

858 1605 933 1666 ors,

54 1733 57 1739 .
103 1669 262 1734 Virtute
294 1671 546 1755 experiamur.
599 1669 648 1736 Et
679 1670 749 1735 hoc
786 1671 900 1735 simul
938 1671 1065 1756 accipe

775 1758 934 1823 dictum:

102 1844 268 1920 Quorum
290 1846 431 1911 virtuti
453 1845 550 1910 belli
572 1845 733 1911 fortuna
755 1847 942 1932 pepercit,

101 1933 319 1999 Eorundem
342 1934 525 1998 libertati
548 1955 604 1998 me
627 1956 784 2019 parcere
807 1938 952 2000 certum
975 1939 1042 2000 est.

102 2021 226 2105 Dono,
249 2021 391 2106 ducite,
419 2023 541 2106 doque
564 2022 787 2087 volentibus
811 2045 893 2087 cum
915 2024 1064 2107 magnis

865 2109 932 2174 dis.

55 2197 193 2283 Regalis
221 2219 299 2261 sane
326 2199 359 2260 et
386 2196 485 2282 digna
511 2195 725 2262 Aeacidarum
752 2218 868 2282 genere
895 2198 1065 2262 sententia.

125 2285 235 2368 Atque
264 2284 362 2348 etiam
389 2286 418 2348 si
446 2285 524 2368 quid
551 2285 672 2371 singuli
700 2285 903 2369 temporibus
935 2286 1065 2351 adducti
1077 2258 1117 2384 13}

56 2373 148 2438 hosti
174 2373 405 2457 promiserunt,
433 2376 484 2436 est
510 2372 544 2436 in
571 2395 609 2437 eo
636 2374 707 2458 ipso
735 2373 813 2437 fides
837 2373 1064 2457 conservanda,

56 2463 96 2525 ut
117 2461 223 2544 primo
246 2460 366 2525 Punico
389 2460 477 2525 bello
501 2461 646 2547 Regulus
669 2462 783 2544 captus
807 2483 827 2525 a
848 2460 966 2526 Poenis
992 2482 1065 2526 cum

58 2548 98 2612 de
112 2548 250 2632 captivis
267 2548 502 2613 commutandis
516 2548 653 2613 Romam
671 2549 789 2612 missus
809 2551 895 2613 esset
912 2548 1065 2613 iurasset-

58 2657 121 2718 que
144 2657 178 2700 se
200 2636 388 2719 rediturum,
411 2635 561 2720 primum,
583 2639 620 2700 ut
642 2636 740 2718 venit,
766 2636 911 2720 captivos
934 2636 1065 2700 redden-

58 2724 117 2788 dos
140 2723 174 2787 in
197 2727 312 2788 senatu
333 2745 400 2788 non
422 2725 559 2807 censuit,
583 2722 711 2805 deinde,
734 2745 806 2786 cum
829 2723 1022 2787 retineretur
1046 2745 1065 2788 a

56 2811 248 2895 propinquis
272 2815 304 2876 et
328 2812 369 2876 ab
393 2811 518 2894 amicis,
542 2810 583 2876 ad
605 2809 799 2894 supplicium
822 2809 925 2873 redire
948 2810 1065 2875 maluit

58 2921 157 2983 quarn
170 2900 266 2964 fidem
276 2900 365 2964 hosti
379 2900 489 2964 datam
500 2898 623 2964 fallere.
651 2895 809 2979 [Secundo
825 2899 933 2962 autem
942 2897 1063 2963 Punico
1083 2917 1116 2966 40

56 2987 146 3051 bello
169 2992 244 3071 post
267 2986 468 3053 Cannensem
490 3009 634 3072 pugnarn
660 3008 740 3070 quos
765 2985 874 3050 decem
897 2984 1064 3049 Hannibal

56 3074 198 3140 Romam
216 3075 369 3141 astrictos
388 3075 478 3140 misit
495 3075 565 3139 iure
584 3075 720 3139 iurando
744 3094 778 3138 se
800 3072 961 3137 redituros
985 3094 1064 3158 esse,

55 3163 122 3227 nisi
145 3162 183 3227 do
206 3164 398 3228 redimendis
421 3163 475 3247 iis,
504 3163 559 3247 qui
581 3163 669 3248 capti
686 3164 798 3246 erant,
824 3161 1064 3246 impetrassent,

57 3272 114 3316 eos
138 3273 248 3316 omnes
272 3274 435 3335 censores,
461 3251 566 3335 quoad
594 3251 729 3336 quisque
752 3271 863 3314 eorum
885 3249 979 3332 vixit,
1009 3252 1064 3334 qui

56 3338 270 3424 peierassent,
297 3341 331 3405 in
359 3339 491 3405 aerariis
518 3340 718 3423 reliquerunt
744 3359 804 3402 nec
831 3337 937 3402 minus
960 3339 1063 3423 illum,

58 3427 114 3510 qui
136 3428 215 3492 iuris
238 3428 366 3494 iurandi
383 3427 494 3492 fraude
513 3429 641 3511 culpam
659 3427 836 3491 invenerat.
872 3423 954 3491 (lum
977 3427 1064 3490 enim

56 3513 252 3581 Hannibalis
279 3517 439 3602 permissu
467 3515 586 3581 exisset
613 3515 651 3579 de
679 3513 808 3597 castris,
839 3513 935 3578 rediit
964 3513 1062 3598 paulo
1106 3442 1156 3720 Ι
