2446 3944
454 182 695 248 -259-

65 344 301 430 Carthaginem
319 342 428 427 rediit,
445 364 549 428 neque
568 366 641 410 eum
659 345 778 411 caritas
797 345 923 431 patriae
937 347 1071 412 retinuit

64 456 124 498 nec
147 455 288 497 suorum.
333 430 446 515 Neque
469 454 546 497 vero
573 435 645 497 tum
671 432 845 519 ignorabat
872 456 907 500 se
935 434 976 500 ad
1002 457 1076 500 cru--

66 521 268 586 delissimum
289 519 418 584 hostem
437 523 470 584 ct
488 521 529 585 ad
547 520 707 604 exquisita
725 521 884 606 supplicia
901 522 1070 607 proficisci,

66 609 123 674 sed
144 610 195 672 ius
216 608 387 672 iurandum
406 608 662 674 conservandum
679 609 825 693 putabat.
861 610 976 694 Itaque
989 615 1070 695 tum,

65 719 139 762 cum
162 695 329 781 vigilando
346 695 532 780 necabatur,
555 697 678 761 eratin
695 697 828 763 meliore
847 719 952 781 eausa,
972 721 1069 783 quam

65 786 95 850 si
114 784 201 848 domi
215 805 312 848 senex
326 784 482 869 captivus,
495 785 643 869 periurus
658 785 837 850 consularis
851 788 1069 851 remansisset.

64 873 111 938 At
134 872 248 956 stulte,
271 871 326 955 qui
352 893 419 936 non
444 872 541 936 modo
567 894 635 937 non
657 873 817 938 censuerit
840 874 986 958 captivos
1008 897 1056 939 re·
1071 892 1121 942 101

65 960 251 1043 mittendos,
269 981 381 1025 verum
400 959 498 1024 etiam
518 960 716 1026 dissuaserit.
751 959 822 1036 Quo
836 961 931 1026 modo
946 961 1069 1029 stulte?

66 1049 215 1127 etiamne,
228 1048 257 1112 si
270 1048 317 1112 rei
330 1047 477 1131 publicae
492 1047 712 1114 conducebat?
730 1052 969 1134 potestantem,
983 1051 1069 1133 quod

65 1137 182 1201 inutile
203 1135 251 1200 rei
272 1135 422 1219 publicae
445 1135 497 1220 sit,
519 1136 553 1201 id
575 1136 723 1220 cuiquam
746 1137 809 1202 civi
831 1137 912 1202 utile
933 1138 1024 1203 esse?

131 1223 325 1288 Pervertunt
346 1223 495 1288 homines
518 1246 564 1307 ea,
588 1246 670 1309 quae
689 1229 765 1289 sunt
785 1224 996 1290 fundamenta
1014 1229 1121 1296 nar-28

64 1315 168 1396 turae,
191 1333 263 1376 cum
286 1310 462 1376 utilitatem
486 1312 528 1376 ab
550 1312 721 1376 honestate
740 1312 921 1398 seiungunt.
950 1313 1069 1380 Omnes

67 1400 151 1464 enim
179 1399 358 1483 expetimus
389 1399 568 1464 utilitatem
600 1400 641 1464 ad
672 1422 806 1483 eamque
835 1401 980 1486 rapimur
1010 1424 1070 1468 nec

65 1488 172 1553 facere
195 1487 291 1551 aliter
313 1487 382 1552 ullo
406 1487 501 1552 modo
522 1508 704 1571 possumus.
735 1486 821 1552 Nam
841 1489 912 1573 quis
932 1493 989 1573 est,
1013 1489 1069 1574 qui

66 1576 161 1640 utilia
173 1574 303 1660 fugiat?
327 1578 384 1639 aut
403 1575 474 1659 quis
492 1574 612 1659 potius,
630 1575 686 1659 qui
699 1597 737 1640 ea
749 1597 816 1640 non
834 1577 1069 1659 studiosissime

65 1662 299 1749 persequatur?
318 1661 381 1727 Sed
395 1662 471 1746 quia
483 1684 643 1746 nusquam
656 1684 828 1748 possumus
842 1664 906 1728 nisi
919 1665 953 1729 in
964 1665 1069 1750 laude,

66 1751 192 1834 decore,
218 1751 390 1815 honestate
411 1750 506 1815 utilia
527 1751 680 1834 reperire,
701 1755 856 1836 proptera
882 1752 941 1817 illa
963 1753 1069 1838 prima

65 1842 100 1904 et
122 1861 249 1904 summa
270 1839 442 1922 habemus,
465 1838 620 1903 utilitatis
642 1860 761 1904 nomen
782 1860 849 1904 non
871 1843 940 1904 tam
964 1841 1068 1925 splen·

66 1927 176 1990 didum
199 1949 296 2010 quam
317 1923 533 1991 necessarium
563 1926 717 1992 ducimus.
762 1925 845 2002 Quid
873 1931 923 1992 est
944 1929 1054 2014 igitur,
1066 1943 1120 1995 '102

68 2013 185 2099 dixerit
206 2014 292 2098 quis,
318 2014 353 2078 in
379 2014 448 2079 iure
474 2014 632 2080 iurando?
662 2036 742 2079 num
768 2015 889 2080 iratum
915 2016 1068 2082 timemus

65 2101 199 2167 Iovem?
232 2101 279 2167 At
300 2102 363 2167 hoc
385 2101 514 2186 quidem
536 2102 704 2168 commune
727 2106 777 2167 est
800 2103 943 2168 omnium
965 2104 1068 2189 philo·

66 2190 257 2274 sophorum,
286 2211 353 2255 non
375 2212 487 2255 eorum
509 2191 619 2275 modo,
649 2191 705 2274 qui
728 2190 821 2256 deum
843 2191 926 2256 nihil
949 2192 1068 2257 habere

64 2278 172 2362 ipsum
194 2278 319 2363 negotii
341 2278 460 2363 dicunt,
481 2279 564 2343 nihil
587 2279 737 2344 exhibere
760 2279 864 2362 alteri,
882 2279 1068 2345 acdeorum

65 2366 178 2451 etiam,
205 2366 262 2450 qui
289 2366 382 2431 deum
410 2388 537 2452 semper
564 2387 660 2452 agere
683 2366 806 2450 aliquid
828 2371 862 2432 et
884 2367 993 2431 moliri
1015 2390 1068 2433 vo-

65 2454 146 2537 lunt,
158 2475 335 2538 numquam
348 2475 408 2519 nec
420 2455 517 2522 irasci
531 2453 626 2520 deum
643 2476 701 2519 nec
715 2475 838 2519 nocere.
861 2453 945 2529 Quid
959 2459 1069 2520 autem

64 2542 168 2606 iratus
194 2542 342 2627 Iuppiter
372 2542 446 2627 plus
477 2564 592 2607 nocere
623 2541 797 2626 potuisset,
829 2562 926 2624 quam
957 2543 1069 2609 nocuit

65 2630 128 2695 sibi
158 2631 229 2714 ipse
260 2629 428 2716 Regulus?
464 2629 567 2695 Nulla
597 2629 698 2714 igitur
724 2628 774 2694 vis
800 2628 865 2693 fuit
891 2630 1068 2715 religionis,

65 2739 147 2801 quae
169 2721 297 2782 tantam
322 2719 500 2783 utilitatem
526 2719 734 2803 perverteret.
779 2714 833 2780 An
860 2738 901 2780 ne
929 2717 1069 2801 turpiter

63 2805 208 2871 faceret?
225 2805 372 2870 Primum
386 2806 520 2870 minima
534 2805 572 2870 de
586 2804 691 2869 malis.
717 2801 806 2868 Num
819 2803 921 2889 igitur
939 2807 1069 2868 tantum

65 2894 143 2958 mali
165 2893 332 2978 turpitudo
354 2893 421 2959 ista
442 2893 599 2977 habebat,
627 2895 784 2976 quantum
805 2890 863 2956 ille
885 2890 1068 2957 cruciatus?

64 2979 188 3046 Deinde
210 2981 293 3046 illud
316 2981 416 3046 etiam
439 2981 524 3066 apud
545 2980 693 3046 Accium:

658 3063 863 3152 Fregistr‘n
885 3065 1024 3130 fidem?

107 3155 239 3241 Ne'que
262 3156 349 3222 dedi
370 3177 495 3242 neque
518 3156 562 3221 do
585 3154 746 3220 infideli
769 3152 945 3238 cuiquam

64 3266 261 3329 quamquam
284 3245 325 3310 ab
344 3244 445 3328 impio
467 3265 544 3331 rege
563 3244 689 3329 dicitur,
711 3242 874 3307 luculente
892 3244 1004 3306 tamen
1023 3240 1068 3306 di·

62 3332 155 3398 citur.
186 3332 320 3397 Addunt
344 3333 456 3416 etiam,
484 3354 580 3417 quem
602 3332 643 3397 ad
670 3330 802 3396 modum
823 3351 883 3394 nos
911 3330 1120 3395 dicamus103

60 3420 165 3487 videri
188 3421 346 3505 quaedam
371 3420 479 3504 utilia,
512 3441 593 3505 quae
620 3440 687 3486 non
718 3418 797 3502 sint,
828 3417 874 3484 sic
901 3439 936 3483 se
964 3418 1068 3482 dicero
1153 3418 1156 3425 '

61 3508 165 3574 rideri
184 3508 342 3594 quaedam
359 3507 508 3593 honesta,
530 3529 612 3594 quae
630 3529 698 3573 non
715 3506 789 3592 sint,
813 3504 861 3570 ‘ut
878 3506 940 3571 hoc
959 3506 1067 3591 ipsum

837 3614 889 3669 tt*
