<?xml version="1.0" encoding="UTF-8"?>
<!DOCTYPE html PUBLIC "-//W3C//DTD XHTML 1.0 Transitional//EN"
    "http://www.w3.org/TR/xhtml1/DTD/xhtml1-transitional.dtd">
<html xmlns="http://www.w3.org/1999/xhtml" xml:lang="en" lang="en">
 <head>
  <title>
</title>
<meta http-equiv="Content-Type" content="text/html;charset=utf-8" />
  <meta name='ocr-system' content='tesseract 3.04.00' />
  <meta name='ocr-capabilities' content='ocr_page ocr_carea ocr_par ocr_line ocrx_word'/>
</head>
<body>
  <div class='ocr_page' id='page_1' title='image "./cicerosphilosop00cicegoog_0533.png"; bbox 0 0 2446 3944; ppageno 0'>
   <div class='ocr_carea' id='block_1_1' title="bbox 467 194 706 260">
    <p class='ocr_par' dir='ltr' id='par_1_1' title="bbox 467 194 706 260">
     <span class='ocr_line' id='line_1_1' title="bbox 467 194 706 260; baseline -0.008 0"><span class='ocrx_word' id='word_1_1' title='bbox 467 194 706 260; x_wconf 76' lang='lat'>-517-</span> 
     </span>
    </p>
   </div>
   <div class='ocr_carea' id='block_1_2' title="bbox 83 355 1142 878">
    <p class='ocr_par' dir='ltr' id='par_1_2' title="bbox 83 355 1142 878">
     <span class='ocr_line' id='line_1_2' title="bbox 83 355 1089 440; baseline -0.001 -21"><span class='ocrx_word' id='word_1_2' title='bbox 83 356 214 420; x_wconf 90' lang='lat' dir='ltr'>modum</span> <span class='ocrx_word' id='word_1_3' title='bbox 237 356 281 421; x_wconf 92' lang='lat' dir='ltr'>sit</span> <span class='ocrx_word' id='word_1_4' title='bbox 304 355 449 440; x_wconf 83' lang='lat' dir='ltr'>affectus,</span> <span class='ocrx_word' id='word_1_5' title='bbox 473 376 546 419; x_wconf 91' lang='lat' dir='ltr'>eum</span> <span class='ocrx_word' id='word_1_6' title='bbox 569 375 699 419; x_wconf 89' lang='lat' dir='ltr'>necesse</span> <span class='ocrx_word' id='word_1_7' title='bbox 725 359 774 419; x_wconf 88' lang='lat' dir='ltr'>est</span> <span class='ocrx_word' id='word_1_8' title='bbox 793 358 849 419; x_wconf 92' lang='lat' dir='ltr'>aut</span> <span class='ocrx_word' id='word_1_9' title='bbox 870 355 905 419; x_wconf 93' lang='lat' dir='ltr'>in</span> <span class='ocrx_word' id='word_1_10' title='bbox 923 355 1089 436; x_wconf 83' lang='lat' dir='ltr'>uoluptate</span> 
     </span>
     <span class='ocr_line' id='line_1_3' title="bbox 84 441 1089 526; baseline -0.002 -19"><span class='ocrx_word' id='word_1_11' title='bbox 84 465 154 507; x_wconf 91' lang='lat' dir='ltr'>esse</span> <span class='ocrx_word' id='word_1_12' title='bbox 178 444 291 507; x_wconf 88' lang='lat' dir='ltr'>autin</span> <span class='ocrx_word' id='word_1_13' title='bbox 314 444 433 508; x_wconf 89' lang='lat' dir='ltr'>dolore.</span> <span class='ocrx_word' id='word_1_14' title='bbox 483 441 595 506; x_wconf 89' lang='lat' dir='ltr'>Omnis</span> <span class='ocrx_word' id='word_1_15' title='bbox 624 446 731 507; x_wconf 88' lang='lat' dir='ltr'>autem</span> <span class='ocrx_word' id='word_1_16' title='bbox 757 443 939 526; x_wconf 87' lang='lat' dir='ltr'>privatione</span> <span class='ocrx_word' id='word_1_17' title='bbox 968 442 1089 507; x_wconf 89' lang='lat' dir='ltr'>doloris</span> 
     </span>
     <span class='ocr_line' id='line_1_4' title="bbox 83 530 1091 614; baseline -0.002 -20"><span class='ocrx_word' id='word_1_18' title='bbox 83 534 178 614; x_wconf 86' lang='lat' dir='ltr'>putat</span> <span class='ocrx_word' id='word_1_19' title='bbox 213 530 372 614; x_wconf 80' lang='lat' dir='ltr'><strong>Epicurus</strong></span> <span class='ocrx_word' id='word_1_20' title='bbox 411 530 580 596; x_wconf 91' lang='lat' dir='ltr'>terminari</span> <span class='ocrx_word' id='word_1_21' title='bbox 612 551 771 594; x_wconf 86' lang='lat' dir='ltr'>summam</span> <span class='ocrx_word' id='word_1_22' title='bbox 805 531 1018 614; x_wconf 84' lang='lat' dir='ltr'>voluptatem,</span> <span class='ocrx_word' id='word_1_23' title='bbox 1053 533 1091 593; x_wconf 92' lang='lat' dir='ltr'>ut</span> 
     </span>
     <span class='ocr_line' id='line_1_5' title="bbox 83 617 1090 702; baseline -0.001 -21"><span class='ocrx_word' id='word_1_24' title='bbox 83 621 196 701; x_wconf 88' lang='lat' dir='ltr'>postea</span> <span class='ocrx_word' id='word_1_25' title='bbox 231 619 350 683; x_wconf 84' lang='lat' dir='ltr'>variari</span> <span class='ocrx_word' id='word_1_26' title='bbox 385 619 534 702; x_wconf 82' lang='lat' dir='ltr'>uoluptas</span> <span class='ocrx_word' id='word_1_27' title='bbox 572 617 790 702; x_wconf 76' lang='lat' dir='ltr'>distinguique</span> <span class='ocrx_word' id='word_1_28' title='bbox 826 619 943 701; x_wconf 84' lang='lat' dir='ltr'>possit,</span> <span class='ocrx_word' id='word_1_29' title='bbox 979 617 1090 702; x_wconf 83' lang='lat' dir='ltr'>augeri</span> 
     </span>
     <span class='ocr_line' id='line_1_6' title="bbox 85 705 1142 790; baseline 0.003 -20"><span class='ocrx_word' id='word_1_30' title='bbox 85 706 335 790; x_wconf 86' lang='lat' dir='ltr'>amplificarique</span> <span class='ocrx_word' id='word_1_31' title='bbox 366 728 432 770; x_wconf 89' lang='lat' dir='ltr'>non</span> <span class='ocrx_word' id='word_1_32' title='bbox 462 706 574 789; x_wconf 89' lang='lat' dir='ltr'>possit.</span> <span class='ocrx_word' id='word_1_33' title='bbox 628 705 673 769; x_wconf 85' lang='lat' dir='ltr'>At</span> <span class='ocrx_word' id='word_1_34' title='bbox 699 706 798 769; x_wconf 90' lang='lat' dir='ltr'>etiam</span> <span class='ocrx_word' id='word_1_35' title='bbox 825 705 977 788; x_wconf 81' lang='lat' dir='ltr'>Athenis,</span> <span class='ocrx_word' id='word_1_36' title='bbox 1003 709 1041 769; x_wconf 93' lang='lat' dir='ltr'>ut</span> <span class='ocrx_word' id='word_1_37' title='bbox 1070 726 1142 775; x_wconf 81' lang='lat' dir='ltr'>ase</span> 
     </span>
     <span class='ocr_line' id='line_1_7' title="bbox 84 791 1090 878; baseline 0.002 -22"><span class='ocrx_word' id='word_1_38' title='bbox 84 797 176 876; x_wconf 87' lang='lat' dir='ltr'>patre</span> <span class='ocrx_word' id='word_1_39' title='bbox 209 795 379 858; x_wconf 84' lang='lat' dir='ltr'>audiebam</span> <span class='ocrx_word' id='word_1_40' title='bbox 409 793 513 858; x_wconf 85' lang='lat' dir='ltr'>facete</span> <span class='ocrx_word' id='word_1_41' title='bbox 545 796 578 857; x_wconf 93' lang='lat' dir='ltr'>et</span> <span class='ocrx_word' id='word_1_42' title='bbox 609 793 731 857; x_wconf 89' lang='lat' dir='ltr'>urbane</span> <span class='ocrx_word' id='word_1_43' title='bbox 766 791 892 857; x_wconf 81' lang='lat' dir='ltr'>Stoicos</span> <span class='ocrx_word' id='word_1_44' title='bbox 928 793 1090 878; x_wconf 86' lang='lat' dir='ltr'>irridente,</span> 
     </span>
    </p>
   </div>
   <div class='ocr_carea' id='block_1_3' title="bbox 83 878 1147 3595">
    <p class='ocr_par' dir='ltr' id='par_1_3' title="bbox 83 878 1094 2542">
     <span class='ocr_line' id='line_1_8' title="bbox 84 878 1091 964; baseline 0 -20"><span class='ocrx_word' id='word_1_45' title='bbox 84 884 193 945; x_wconf 88' lang='lat' dir='ltr'>statua</span> <span class='ocrx_word' id='word_1_46' title='bbox 225 885 274 946; x_wconf 89' lang='lat' dir='ltr'>est</span> <span class='ocrx_word' id='word_1_47' title='bbox 305 883 339 946; x_wconf 92' lang='lat' dir='ltr'>in</span> <span class='ocrx_word' id='word_1_48' title='bbox 369 878 534 947; x_wconf 82' lang='lat' dir='ltr'>Ceramico</span> <span class='ocrx_word' id='word_1_49' title='bbox 562 879 738 964; x_wconf 79' lang='lat' dir='ltr'>Chrysippi</span> <span class='ocrx_word' id='word_1_50' title='bbox 772 881 911 944; x_wconf 87' lang='lat' dir='ltr'>sedentis</span> <span class='ocrx_word' id='word_1_51' title='bbox 942 885 1091 964; x_wconf 88' lang='lat' dir='ltr'>porrecta</span> 
     </span>
     <span class='ocr_line' id='line_1_9' title="bbox 83 968 1090 1140; baseline -0.001 -20"><span class='ocrx_word' id='word_1_52' title='bbox 83 990 453 1122; x_wconf 52' lang='lat' dir='ltr'>intententur.</span> <span class='ocrx_word' id='word_1_53' title='bbox 467 968 741 1140; x_wconf 61' lang='lat' dir='ltr'>hlltlllll</span> <span class='ocrx_word' id='word_1_54' title='bbox 759 968 882 1120; x_wconf 65' lang='lat' dir='ltr'>tlt</span> <span class='ocrx_word' id='word_1_55' title='bbox 896 989 1090 1120; x_wconf 57' lang='lat' dir='ltr'>tetre·</span> 
     </span>
     <span class='ocr_line' id='line_1_10' title="bbox 84 1143 1091 1229; baseline 0.001 -22"><span class='ocrx_word' id='word_1_56' title='bbox 84 1145 181 1224; x_wconf 86' lang='lat' dir='ltr'>fecta,</span> <span class='ocrx_word' id='word_1_57' title='bbox 209 1167 303 1229; x_wconf 90' lang='lat' dir='ltr'>quem</span> <span class='ocrx_word' id='word_1_58' title='bbox 326 1144 367 1210; x_wconf 88' lang='lat' dir='ltr'>ad</span> <span class='ocrx_word' id='word_1_59' title='bbox 390 1144 522 1210; x_wconf 92' lang='lat' dir='ltr'>modum</span> <span class='ocrx_word' id='word_1_60' title='bbox 545 1145 660 1209; x_wconf 85' lang='lat' dir='ltr'>affecta</span> <span class='ocrx_word' id='word_1_61' title='bbox 686 1164 772 1209; x_wconf 86' lang='lat' dir='ltr'>nunc</span> <span class='ocrx_word' id='word_1_62' title='bbox 802 1147 864 1228; x_wconf 85' lang='lat' dir='ltr'>est,</span> <span class='ocrx_word' id='word_1_63' title='bbox 894 1143 1091 1208; x_wconf 82' lang='lat' dir='ltr'>desiderat?&#39;</span> 
     </span>
     <span class='ocr_line' id='line_1_11' title="bbox 85 1231 1092 1317; baseline -0.001 -21"><span class='ocrx_word' id='word_1_64' title='bbox 85 1270 128 1278; x_wconf 93' lang='lat'>—</span> <span class='ocrx_word' id='word_1_65' title='bbox 150 1232 242 1296; x_wconf 90' lang='lat' dir='ltr'>Nihil</span> <span class='ocrx_word' id='word_1_66' title='bbox 271 1255 356 1297; x_wconf 86' lang='lat' dir='ltr'>sane.</span> <span class='ocrx_word' id='word_1_67' title='bbox 382 1269 421 1279; x_wconf 91' lang='lat'>-</span> <span class='ocrx_word' id='word_1_68' title='bbox 447 1232 516 1317; x_wconf 60' lang='lat' dir='ltr'>‘Aa</span> <span class='ocrx_word' id='word_1_69' title='bbox 543 1233 571 1296; x_wconf 91' lang='lat' dir='ltr'>si</span> <span class='ocrx_word' id='word_1_70' title='bbox 598 1233 746 1314; x_wconf 80' lang='lat' dir='ltr'>voluptas</span> <span class='ocrx_word' id='word_1_71' title='bbox 775 1235 861 1295; x_wconf 88' lang='lat' dir='ltr'>esset</span> <span class='ocrx_word' id='word_1_72' title='bbox 882 1231 1016 1315; x_wconf 88' lang='lat' dir='ltr'>bonum,</span> <span class='ocrx_word' id='word_1_73' title='bbox 1041 1231 1092 1295; x_wconf 90' lang='lat' dir='ltr'>de·</span> 
     </span>
     <span class='ocr_line' id='line_1_12' title="bbox 85 1317 1091 1402; baseline 0 -18"><span class='ocrx_word' id='word_1_74' title='bbox 85 1320 262 1385; x_wconf 71' lang='lat' dir='ltr'>sideraret?</span> <span class='ocrx_word' id='word_1_75' title='bbox 285 1357 327 1367; x_wconf 94' lang='lat'>-</span> <span class='ocrx_word' id='word_1_76' title='bbox 350 1319 403 1384; x_wconf 90' lang='lat' dir='ltr'>Ita</span> <span class='ocrx_word' id='word_1_77' title='bbox 429 1321 532 1384; x_wconf 86' lang='lat' dir='ltr'>credo.</span> <span class='ocrx_word' id='word_1_78' title='bbox 555 1356 598 1367; x_wconf 89' lang='lat'><em>-</em></span> <span class='ocrx_word' id='word_1_79' title='bbox 622 1317 709 1384; x_wconf 76' lang='lat' dir='ltr'>‘Non</span> <span class='ocrx_word' id='word_1_80' title='bbox 735 1322 785 1383; x_wconf 89' lang='lat' dir='ltr'>est</span> <span class='ocrx_word' id='word_1_81' title='bbox 810 1319 913 1402; x_wconf 90' lang='lat' dir='ltr'>igitur</span> <span class='ocrx_word' id='word_1_82' title='bbox 941 1320 1091 1402; x_wconf 86' lang='lat' dir='ltr'>voluptas</span> 
     </span>
     <span class='ocr_line' id='line_1_13' title="bbox 84 1406 1093 1490; baseline 0.001 -19"><span class='ocrx_word' id='word_1_83' title='bbox 84 1407 225 1472; x_wconf 68' lang='lat' dir='ltr'>bonum?</span> <span class='ocrx_word' id='word_1_84' title='bbox 283 1406 355 1472; x_wconf 87' lang='lat' dir='ltr'>Hoc</span> <span class='ocrx_word' id='word_1_85' title='bbox 390 1429 430 1472; x_wconf 88' lang='lat' dir='ltr'>ne</span> <span class='ocrx_word' id='word_1_86' title='bbox 466 1411 609 1471; x_wconf 90' lang='lat' dir='ltr'>statuam</span> <span class='ocrx_word' id='word_1_87' title='bbox 645 1406 773 1490; x_wconf 93' lang='lat' dir='ltr'>quidem</span> <span class='ocrx_word' id='word_1_88' title='bbox 809 1406 968 1471; x_wconf 88' lang='lat' dir='ltr'>dicturam</span> <span class='ocrx_word' id='word_1_89' title='bbox 998 1410 1093 1489; x_wconf 88' lang='lat' dir='ltr'>pater</span> 
     </span>
     <span class='ocr_line' id='line_1_14' title="bbox 86 1491 1093 1578; baseline 0.003 -21"><span class='ocrx_word' id='word_1_90' title='bbox 86 1495 208 1576; x_wconf 87' lang='lat' dir='ltr'>aiebat,</span> <span class='ocrx_word' id='word_1_91' title='bbox 235 1495 263 1558; x_wconf 88' lang='lat' dir='ltr'>si</span> <span class='ocrx_word' id='word_1_92' title='bbox 289 1495 378 1577; x_wconf 90' lang='lat' dir='ltr'>loqui</span> <span class='ocrx_word' id='word_1_93' title='bbox 405 1498 525 1578; x_wconf 88' lang='lat' dir='ltr'>posset.</span> <span class='ocrx_word' id='word_1_94' title='bbox 575 1491 770 1559; x_wconf 90' lang='lat' dir='ltr'>Conclusum</span> <span class='ocrx_word' id='word_1_95' title='bbox 792 1497 843 1559; x_wconf 90' lang='lat' dir='ltr'>est</span> <span class='ocrx_word' id='word_1_96' title='bbox 873 1494 958 1558; x_wconf 90' lang='lat' dir='ltr'>enim</span> <span class='ocrx_word' id='word_1_97' title='bbox 980 1499 1093 1560; x_wconf 88' lang='lat' dir='ltr'>contra</span> 
     </span>
     <span class='ocr_line' id='line_1_15' title="bbox 86 1580 1092 1665; baseline 0.001 -18"><span class='ocrx_word' id='word_1_98' title='bbox 86 1581 278 1665; x_wconf 81' lang='lat' dir='ltr'>Cyrenaicos</span> <span class='ocrx_word' id='word_1_99' title='bbox 308 1582 386 1646; x_wconf 89' lang='lat' dir='ltr'>satis</span> <span class='ocrx_word' id='word_1_100' title='bbox 414 1585 519 1665; x_wconf 84' lang='lat' dir='ltr'>acute,</span> <span class='ocrx_word' id='word_1_101' title='bbox 545 1582 629 1646; x_wconf 86' lang='lat' dir='ltr'>nihil</span> <span class='ocrx_word' id='word_1_102' title='bbox 656 1581 696 1647; x_wconf 89' lang='lat' dir='ltr'>ad</span> <span class='ocrx_word' id='word_1_103' title='bbox 718 1581 903 1664; x_wconf 81' lang='lat' dir='ltr'>Epicurum.</span> <span class='ocrx_word' id='word_1_104' title='bbox 953 1580 1040 1647; x_wconf 89' lang='lat' dir='ltr'>Nam</span> <span class='ocrx_word' id='word_1_105' title='bbox 1064 1585 1092 1648; x_wconf 94' lang='lat' dir='ltr'>si</span> 
     </span>
     <span class='ocr_line' id='line_1_16' title="bbox 86 1669 1094 1754; baseline 0.003 -22"><span class='ocrx_word' id='word_1_106' title='bbox 86 1692 124 1733; x_wconf 90' lang='lat' dir='ltr'>ea</span> <span class='ocrx_word' id='word_1_107' title='bbox 147 1669 217 1733; x_wconf 88' lang='lat' dir='ltr'>sola</span> <span class='ocrx_word' id='word_1_108' title='bbox 239 1669 389 1753; x_wconf 86' lang='lat' dir='ltr'>voluptas</span> <span class='ocrx_word' id='word_1_109' title='bbox 407 1673 505 1752; x_wconf 86' lang='lat' dir='ltr'>esset,</span> <span class='ocrx_word' id='word_1_110' title='bbox 527 1691 609 1754; x_wconf 89' lang='lat' dir='ltr'>quae</span> <span class='ocrx_word' id='word_1_111' title='bbox 632 1670 725 1753; x_wconf 90' lang='lat' dir='ltr'>quasi</span> <span class='ocrx_word' id='word_1_112' title='bbox 746 1670 896 1734; x_wconf 74' lang='lat' dir='ltr'>titillaret</span> <span class='ocrx_word' id='word_1_113' title='bbox 914 1691 1033 1749; x_wconf 85' lang='lat' dir='ltr'>sensus,</span> <span class='ocrx_word' id='word_1_114' title='bbox 1056 1675 1094 1735; x_wconf 90' lang='lat' dir='ltr'>ut</span> 
     </span>
     <span class='ocr_line' id='line_1_17' title="bbox 86 1756 1093 1840; baseline 0.002 -20"><span class='ocrx_word' id='word_1_115' title='bbox 86 1758 133 1821; x_wconf 89' lang='lat' dir='ltr'>ita</span> <span class='ocrx_word' id='word_1_116' title='bbox 163 1756 280 1840; x_wconf 84' lang='lat' dir='ltr'>dicam,</span> <span class='ocrx_word' id='word_1_117' title='bbox 309 1760 342 1822; x_wconf 94' lang='grc' dir='ltr'><strong>εὴ</strong></span> <span class='ocrx_word' id='word_1_118' title='bbox 365 1756 406 1820; x_wconf 93' lang='lat' dir='ltr'>ad</span> <span class='ocrx_word' id='word_1_119' title='bbox 436 1779 491 1823; x_wconf 90' lang='lat' dir='ltr'>ecs</span> <span class='ocrx_word' id='word_1_120' title='bbox 519 1779 591 1822; x_wconf 90' lang='lat' dir='ltr'>cum</span> <span class='ocrx_word' id='word_1_121' title='bbox 614 1757 774 1822; x_wconf 87' lang='lat' dir='ltr'>suavitate</span> <span class='ocrx_word' id='word_1_122' title='bbox 797 1757 945 1822; x_wconf 88' lang='lat' dir='ltr'>afflueret</span> <span class='ocrx_word' id='word_1_123' title='bbox 968 1761 1001 1822; x_wconf 90' lang='lat' dir='ltr'>et</span> <span class='ocrx_word' id='word_1_124' title='bbox 1021 1759 1093 1824; x_wconf 89' lang='lat' dir='ltr'>illa·</span> 
     </span>
     <span class='ocr_line' id='line_1_18' title="bbox 86 1845 1091 1929; baseline 0.002 -20"><span class='ocrx_word' id='word_1_125' title='bbox 86 1846 228 1927; x_wconf 85' lang='lat' dir='ltr'>beretur,</span> <span class='ocrx_word' id='word_1_126' title='bbox 250 1866 309 1910; x_wconf 88' lang='lat' dir='ltr'>neo</span> <span class='ocrx_word' id='word_1_127' title='bbox 327 1866 440 1909; x_wconf 86' lang='lat' dir='ltr'>manus</span> <span class='ocrx_word' id='word_1_128' title='bbox 459 1866 528 1910; x_wconf 90' lang='lat' dir='ltr'>esse</span> <span class='ocrx_word' id='word_1_129' title='bbox 548 1849 700 1910; x_wconf 87' lang='lat' dir='ltr'>contenta</span> <span class='ocrx_word' id='word_1_130' title='bbox 721 1849 833 1928; x_wconf 92' lang='lat' dir='ltr'>posset</span> <span class='ocrx_word' id='word_1_131' title='bbox 850 1867 910 1911; x_wconf 84' lang='lat' dir='ltr'>nec</span> <span class='ocrx_word' id='word_1_132' title='bbox 928 1845 995 1910; x_wconf 88' lang='lat' dir='ltr'>ulla</span> <span class='ocrx_word' id='word_1_133' title='bbox 1014 1868 1091 1929; x_wconf 88' lang='lat' dir='ltr'>pars</span> 
     </span>
     <span class='ocr_line' id='line_1_19' title="bbox 85 1932 1093 2017; baseline 0.004 -21"><span class='ocrx_word' id='word_1_134' title='bbox 85 1933 247 1997; x_wconf 86' lang='lat' dir='ltr'>vacuitate</span> <span class='ocrx_word' id='word_1_135' title='bbox 270 1932 390 1997; x_wconf 86' lang='lat' dir='ltr'>doloris</span> <span class='ocrx_word' id='word_1_136' title='bbox 419 1933 488 1998; x_wconf 90' lang='lat' dir='ltr'>sine</span> <span class='ocrx_word' id='word_1_137' title='bbox 514 1932 652 1998; x_wconf 89' lang='lat' dir='ltr'>iucundo</span> <span class='ocrx_word' id='word_1_138' title='bbox 679 1937 769 1997; x_wconf 90' lang='lat' dir='ltr'>motu</span> <span class='ocrx_word' id='word_1_139' title='bbox 796 1933 984 2017; x_wconf 77' lang='lat' dir='ltr'>voluptatis.</span> <span class='ocrx_word' id='word_1_140' title='bbox 1036 1933 1093 2000; x_wconf 82' lang='lat' dir='ltr'>sin</span> 
     </span>
     <span class='ocr_line' id='line_1_20' title="bbox 86 2021 1093 2105; baseline 0.003 -21"><span class='ocrx_word' id='word_1_141' title='bbox 86 2024 194 2084; x_wconf 88' lang='lat' dir='ltr'>autem</span> <span class='ocrx_word' id='word_1_142' title='bbox 218 2042 345 2085; x_wconf 88' lang='lat' dir='ltr'>summa</span> <span class='ocrx_word' id='word_1_143' title='bbox 370 2021 519 2104; x_wconf 83' lang='lat' dir='ltr'>voluptas</span> <span class='ocrx_word' id='word_1_144' title='bbox 548 2025 609 2105; x_wconf 82' lang='lat' dir='ltr'>est,</span> <span class='ocrx_word' id='word_1_145' title='bbox 636 2025 674 2086; x_wconf 92' lang='lat' dir='ltr'>ut</span> <span class='ocrx_word' id='word_1_146' title='bbox 695 2021 834 2104; x_wconf 82' lang='lat' dir='ltr'>Epicuro</span> <span class='ocrx_word' id='word_1_147' title='bbox 861 2022 981 2104; x_wconf 82' lang='lat' dir='ltr'>placet,</span> <span class='ocrx_word' id='word_1_148' title='bbox 1009 2022 1093 2087; x_wconf 92' lang='lat' dir='ltr'>nihil</span> 
     </span>
     <span class='ocr_line' id='line_1_21' title="bbox 87 2107 1094 2194; baseline 0.004 -23"><span class='ocrx_word' id='word_1_149' title='bbox 87 2108 206 2186; x_wconf 85' lang='lat' dir='ltr'>dolere,</span> <span class='ocrx_word' id='word_1_150' title='bbox 228 2108 368 2191; x_wconf 87' lang='lat' dir='ltr'>primum</span> <span class='ocrx_word' id='word_1_151' title='bbox 391 2109 453 2173; x_wconf 89' lang='lat' dir='ltr'>tibi</span> <span class='ocrx_word' id='word_1_152' title='bbox 475 2111 573 2192; x_wconf 88' lang='lat' dir='ltr'>recte,</span> <span class='ocrx_word' id='word_1_153' title='bbox 604 2107 797 2192; x_wconf 86' lang='lat' dir='ltr'>Chrysippe,</span> <span class='ocrx_word' id='word_1_154' title='bbox 825 2130 1013 2173; x_wconf 89' lang='lat' dir='ltr'>concessum</span> <span class='ocrx_word' id='word_1_155' title='bbox 1035 2113 1094 2194; x_wconf 85' lang='lat' dir='ltr'>est,</span> 
     </span>
     <span class='ocr_line' id='line_1_22' title="bbox 85 2196 1093 2280; baseline 0.003 -21"><span class='ocrx_word' id='word_1_156' title='bbox 85 2197 168 2260; x_wconf 90' lang='lat' dir='ltr'>nihil</span> <span class='ocrx_word' id='word_1_157' title='bbox 192 2196 371 2261; x_wconf 87' lang='lat' dir='ltr'>desiderare</span> <span class='ocrx_word' id='word_1_158' title='bbox 389 2219 534 2280; x_wconf 83' lang='lat' dir='ltr'>manum,</span> <span class='ocrx_word' id='word_1_159' title='bbox 558 2219 628 2261; x_wconf 89' lang='lat' dir='ltr'>cum</span> <span class='ocrx_word' id='word_1_160' title='bbox 651 2197 698 2260; x_wconf 89' lang='lat' dir='ltr'>ita</span> <span class='ocrx_word' id='word_1_161' title='bbox 722 2200 808 2261; x_wconf 91' lang='lat' dir='ltr'>esset</span> <span class='ocrx_word' id='word_1_162' title='bbox 832 2197 960 2280; x_wconf 71' lang='lat' dir='ltr'>affecta‚&#39;</span> <span class='ocrx_word' id='word_1_163' title='bbox 984 2219 1093 2262; x_wconf 91' lang='lat' dir='ltr'>secun·</span> 
     </span>
     <span class='ocr_line' id='line_1_23' title="bbox 86 2284 1093 2368; baseline 0.002 -21"><span class='ocrx_word' id='word_1_164' title='bbox 86 2285 162 2347; x_wconf 90' lang='lat' dir='ltr'>dum</span> <span class='ocrx_word' id='word_1_165' title='bbox 183 2306 251 2349; x_wconf 90' lang='lat' dir='ltr'>non</span> <span class='ocrx_word' id='word_1_166' title='bbox 272 2288 371 2368; x_wconf 83' lang='lat' dir='ltr'>recte,</span> <span class='ocrx_word' id='word_1_167' title='bbox 394 2285 422 2349; x_wconf 94' lang='lat' dir='ltr'>si</span> <span class='ocrx_word' id='word_1_168' title='bbox 446 2285 595 2368; x_wconf 84' lang='lat' dir='ltr'>voluptas</span> <span class='ocrx_word' id='word_1_169' title='bbox 619 2287 705 2349; x_wconf 89' lang='lat' dir='ltr'>esset</span> <span class='ocrx_word' id='word_1_170' title='bbox 726 2284 860 2362; x_wconf 90' lang='lat' dir='ltr'>bonum,</span> <span class='ocrx_word' id='word_1_171' title='bbox 888 2284 988 2349; x_wconf 90' lang='lat' dir='ltr'>fuisse</span> <span class='ocrx_word' id='word_1_172' title='bbox 1012 2285 1093 2350; x_wconf 92' lang='lat' dir='ltr'>desi-</span> 
     </span>
     <span class='ocr_line' id='line_1_24' title="bbox 87 2370 1094 2456; baseline 0.002 -22"><span class='ocrx_word' id='word_1_173' title='bbox 87 2371 279 2436; x_wconf 90' lang='lat' dir='ltr'>deraturam.</span> <span class='ocrx_word' id='word_1_174' title='bbox 324 2372 447 2437; x_wconf 86' lang='lat' dir='ltr'>Idcirco</span> <span class='ocrx_word' id='word_1_175' title='bbox 471 2374 557 2435; x_wconf 91' lang='lat' dir='ltr'>enim</span> <span class='ocrx_word' id='word_1_176' title='bbox 579 2393 645 2436; x_wconf 92' lang='lat' dir='ltr'>non</span> <span class='ocrx_word' id='word_1_177' title='bbox 668 2370 879 2455; x_wconf 84' lang='lat' dir='ltr'>desideraret,</span> <span class='ocrx_word' id='word_1_178' title='bbox 902 2373 985 2453; x_wconf 85' lang='lat' dir='ltr'>quia,</span> <span class='ocrx_word' id='word_1_179' title='bbox 1008 2373 1094 2456; x_wconf 92' lang='lat' dir='ltr'>quod</span> 
     </span>
     <span class='ocr_line' id='line_1_25' title="bbox 88 2458 704 2542; baseline 0 -21"><span class='ocrx_word' id='word_1_180' title='bbox 88 2458 196 2522; x_wconf 91' lang='lat' dir='ltr'>dolore</span> <span class='ocrx_word' id='word_1_181' title='bbox 220 2462 320 2539; x_wconf 87' lang='lat' dir='ltr'>caret,</span> <span class='ocrx_word' id='word_1_182' title='bbox 343 2459 377 2522; x_wconf 92' lang='lat' dir='ltr'>id</span> <span class='ocrx_word' id='word_1_183' title='bbox 399 2459 434 2522; x_wconf 93' lang='lat' dir='ltr'>in</span> <span class='ocrx_word' id='word_1_184' title='bbox 456 2460 623 2542; x_wconf 87' lang='lat' dir='ltr'>voluptate</span> <span class='ocrx_word' id='word_1_185' title='bbox 646 2461 704 2522; x_wconf 90' lang='lat' dir='ltr'>est.</span> 
     </span>
    </p>

    <p class='ocr_par' dir='ltr' id='par_1_4' title="bbox 86 2525 1147 3595">
     <span class='ocr_line' id='line_1_26' title="bbox 152 2525 1147 2650; baseline 0.002 -41"><span class='ocrx_word' id='word_1_186' title='bbox 152 2545 342 2609; x_wconf 81' lang='lat' dir='ltr'>Extremum</span> <span class='ocrx_word' id='word_1_187' title='bbox 379 2549 488 2609; x_wconf 89' lang='lat' dir='ltr'>autem</span> <span class='ocrx_word' id='word_1_188' title='bbox 525 2566 594 2610; x_wconf 90' lang='lat' dir='ltr'>esse</span> <span class='ocrx_word' id='word_1_189' title='bbox 629 2545 789 2609; x_wconf 91' lang='lat' dir='ltr'>bonorum</span> <span class='ocrx_word' id='word_1_190' title='bbox 820 2545 1021 2629; x_wconf 83' lang='lat' dir='ltr'>voluptatem</span> <span class='ocrx_word' id='word_1_191' title='bbox 1056 2568 1094 2611; x_wconf 87' lang='lat' dir='ltr'>ex</span> <span class='ocrx_word' id='word_1_192' title='bbox 1105 2525 1147 2650; x_wconf 54' lang='lat'>143</span> 
     </span>
     <span class='ocr_line' id='line_1_27' title="bbox 86 2629 1095 2717; baseline 0.001 -20"><span class='ocrx_word' id='word_1_193' title='bbox 86 2633 148 2697; x_wconf 90' lang='lat' dir='ltr'>hoc</span> <span class='ocrx_word' id='word_1_194' title='bbox 174 2631 327 2696; x_wconf 86' lang='lat' dir='ltr'>facillime</span> <span class='ocrx_word' id='word_1_195' title='bbox 358 2632 496 2716; x_wconf 90' lang='lat' dir='ltr'>perspici</span> <span class='ocrx_word' id='word_1_196' title='bbox 524 2636 646 2716; x_wconf 90' lang='lat' dir='ltr'>potest:</span> <span class='ocrx_word' id='word_1_197' title='bbox 682 2629 925 2697; x_wconf 87' lang='lat' dir='ltr'>Constituamus</span> <span class='ocrx_word' id='word_1_198' title='bbox 953 2634 1095 2717; x_wconf 89' lang='lat' dir='ltr'>aliquem</span> 
     </span>
     <span class='ocr_line' id='line_1_28' title="bbox 87 2719 1094 2804; baseline 0.001 -20"><span class='ocrx_word' id='word_1_199' title='bbox 87 2720 230 2804; x_wconf 86' lang='lat' dir='ltr'>magnis,</span> <span class='ocrx_word' id='word_1_200' title='bbox 252 2719 378 2803; x_wconf 87' lang='lat' dir='ltr'>multis,</span> <span class='ocrx_word' id='word_1_201' title='bbox 404 2720 567 2803; x_wconf 87' lang='lat' dir='ltr'>perpetuis</span> <span class='ocrx_word' id='word_1_202' title='bbox 594 2720 755 2784; x_wconf 85' lang='lat' dir='ltr'>fruentem</span> <span class='ocrx_word' id='word_1_203' title='bbox 784 2724 818 2784; x_wconf 90' lang='lat' dir='ltr'>et</span> <span class='ocrx_word' id='word_1_204' title='bbox 840 2721 946 2785; x_wconf 91' lang='lat' dir='ltr'>animo</span> <span class='ocrx_word' id='word_1_205' title='bbox 971 2725 1003 2785; x_wconf 87' lang='lat' dir='ltr'>et</span> <span class='ocrx_word' id='word_1_206' title='bbox 1026 2743 1094 2786; x_wconf 89' lang='lat' dir='ltr'>cor-</span> 
     </span>
     <span class='ocr_line' id='line_1_29' title="bbox 87 2807 1095 2891; baseline 0.001 -19"><span class='ocrx_word' id='word_1_207' title='bbox 87 2829 165 2890; x_wconf 89' lang='lat' dir='ltr'>pore</span> <span class='ocrx_word' id='word_1_208' title='bbox 198 2807 418 2891; x_wconf 85' lang='lat' dir='ltr'>voluptatibus</span> <span class='ocrx_word' id='word_1_209' title='bbox 449 2808 539 2873; x_wconf 91' lang='lat' dir='ltr'>nullo</span> <span class='ocrx_word' id='word_1_210' title='bbox 572 2807 684 2873; x_wconf 90' lang='lat' dir='ltr'>dolore</span> <span class='ocrx_word' id='word_1_211' title='bbox 715 2829 775 2872; x_wconf 87' lang='lat' dir='ltr'>nee</span> <span class='ocrx_word' id='word_1_212' title='bbox 811 2807 1005 2891; x_wconf 91' lang='lat' dir='ltr'>impediente</span> <span class='ocrx_word' id='word_1_213' title='bbox 1035 2830 1095 2873; x_wconf 87' lang='lat' dir='ltr'>nee</span> 
     </span>
     <span class='ocr_line' id='line_1_30' title="bbox 87 2895 1094 2980; baseline 0.003 -22"><span class='ocrx_word' id='word_1_214' title='bbox 87 2895 309 2980; x_wconf 84' lang='lat' dir='ltr'>impendente,</span> <span class='ocrx_word' id='word_1_215' title='bbox 337 2916 431 2979; x_wconf 90' lang='lat' dir='ltr'>quem</span> <span class='ocrx_word' id='word_1_216' title='bbox 460 2896 590 2960; x_wconf 87' lang='lat' dir='ltr'>tandem</span> <span class='ocrx_word' id='word_1_217' title='bbox 616 2895 679 2960; x_wconf 93' lang='lat' dir='ltr'>hoc</span> <span class='ocrx_word' id='word_1_218' title='bbox 706 2898 793 2960; x_wconf 90' lang='lat' dir='ltr'>statu</span> <span class='ocrx_word' id='word_1_219' title='bbox 817 2896 1094 2978; x_wconf 87' lang='lat' dir='ltr'>praestabiliorem</span> 
     </span>
     <span class='ocr_line' id='line_1_31' title="bbox 88 2982 1095 3067; baseline 0.002 -21"><span class='ocrx_word' id='word_1_220' title='bbox 88 2986 143 3046; x_wconf 88' lang='lat' dir='ltr'>aut</span> <span class='ocrx_word' id='word_1_221' title='bbox 166 2984 271 3066; x_wconf 90' lang='lat' dir='ltr'>magis</span> <span class='ocrx_word' id='word_1_222' title='bbox 295 2982 508 3067; x_wconf 88' lang='lat' dir='ltr'>expetendum</span> <span class='ocrx_word' id='word_1_223' title='bbox 528 2983 690 3066; x_wconf 90' lang='lat' dir='ltr'>possimus</span> <span class='ocrx_word' id='word_1_224' title='bbox 714 2983 841 3047; x_wconf 79' lang='lat' dir='ltr'>dicere?</span> <span class='ocrx_word' id='word_1_225' title='bbox 876 2982 986 3048; x_wconf 87' lang='lat' dir='ltr'>Inesse</span> <span class='ocrx_word' id='word_1_226' title='bbox 1009 2984 1095 3048; x_wconf 91' lang='lat' dir='ltr'>enim</span> 
     </span>
     <span class='ocr_line' id='line_1_32' title="bbox 86 3071 1096 3154; baseline 0.001 -20"><span class='ocrx_word' id='word_1_227' title='bbox 86 3091 216 3135; x_wconf 89' lang='lat' dir='ltr'>necesse</span> <span class='ocrx_word' id='word_1_228' title='bbox 239 3073 289 3135; x_wconf 88' lang='lat' dir='ltr'>est</span> <span class='ocrx_word' id='word_1_229' title='bbox 311 3071 345 3135; x_wconf 91' lang='lat' dir='ltr'>in</span> <span class='ocrx_word' id='word_1_230' title='bbox 368 3092 419 3154; x_wconf 87' lang='lat' dir='ltr'>ec,</span> <span class='ocrx_word' id='word_1_231' title='bbox 448 3072 503 3154; x_wconf 92' lang='lat' dir='ltr'>qui</span> <span class='ocrx_word' id='word_1_232' title='bbox 529 3072 577 3136; x_wconf 91' lang='lat' dir='ltr'>ita</span> <span class='ocrx_word' id='word_1_233' title='bbox 606 3072 650 3135; x_wconf 91' lang='lat' dir='ltr'>sit</span> <span class='ocrx_word' id='word_1_234' title='bbox 677 3071 823 3153; x_wconf 87' lang='lat' dir='ltr'>affectus,</span> <span class='ocrx_word' id='word_1_235' title='bbox 853 3074 887 3135; x_wconf 87' lang='lat' dir='ltr'>et</span> <span class='ocrx_word' id='word_1_236' title='bbox 908 3072 1096 3135; x_wconf 89' lang='lat' dir='ltr'>firmitatem</span> 
     </span>
     <span class='ocr_line' id='line_1_33' title="bbox 88 3158 1094 3242; baseline 0.002 -20"><span class='ocrx_word' id='word_1_237' title='bbox 88 3158 188 3222; x_wconf 88' lang='lat' dir='ltr'>animi</span> <span class='ocrx_word' id='word_1_238' title='bbox 210 3179 269 3222; x_wconf 87' lang='lat' dir='ltr'>nee</span> <span class='ocrx_word' id='word_1_239' title='bbox 291 3161 430 3224; x_wconf 91' lang='lat' dir='ltr'>mortem</span> <span class='ocrx_word' id='word_1_240' title='bbox 456 3181 516 3224; x_wconf 90' lang='lat' dir='ltr'>nec</span> <span class='ocrx_word' id='word_1_241' title='bbox 542 3159 688 3224; x_wconf 90' lang='lat' dir='ltr'>dolorem</span> <span class='ocrx_word' id='word_1_242' title='bbox 713 3159 872 3242; x_wconf 87' lang='lat' dir='ltr'>timentis,</span> <span class='ocrx_word' id='word_1_243' title='bbox 899 3159 984 3242; x_wconf 92' lang='lat' dir='ltr'>quod</span> <span class='ocrx_word' id='word_1_244' title='bbox 1007 3181 1094 3224; x_wconf 89' lang='lat' dir='ltr'>mors</span> 
     </span>
     <span class='ocr_line' id='line_1_34' title="bbox 89 3245 1094 3331; baseline 0.001 -21"><span class='ocrx_word' id='word_1_245' title='bbox 89 3267 184 3310; x_wconf 88' lang='lat' dir='ltr'>sensu</span> <span class='ocrx_word' id='word_1_246' title='bbox 203 3249 325 3330; x_wconf 81' lang='lat' dir='ltr'>careat,</span> <span class='ocrx_word' id='word_1_247' title='bbox 349 3245 442 3311; x_wconf 90' lang='lat' dir='ltr'>dolor</span> <span class='ocrx_word' id='word_1_248' title='bbox 459 3247 494 3310; x_wconf 95' lang='lat' dir='ltr'>in</span> <span class='ocrx_word' id='word_1_249' title='bbox 511 3246 748 3331; x_wconf 82' lang='lat' dir='ltr'>longinquitate</span> <span class='ocrx_word' id='word_1_250' title='bbox 766 3247 861 3329; x_wconf 83' lang='lat' dir='ltr'>levis,</span> <span class='ocrx_word' id='word_1_251' title='bbox 882 3247 917 3309; x_wconf 90' lang='lat' dir='ltr'>in</span> <span class='ocrx_word' id='word_1_252' title='bbox 934 3247 1094 3331; x_wconf 87' lang='lat' dir='ltr'>gravitate</span> 
     </span>
     <span class='ocr_line' id='line_1_35' title="bbox 89 3334 1095 3418; baseline 0.001 -20"><span class='ocrx_word' id='word_1_253' title='bbox 89 3334 193 3398; x_wconf 88' lang='lat' dir='ltr'>brevis</span> <span class='ocrx_word' id='word_1_254' title='bbox 226 3335 329 3398; x_wconf 89' lang='lat' dir='ltr'>soleat</span> <span class='ocrx_word' id='word_1_255' title='bbox 362 3353 445 3418; x_wconf 88' lang='lat' dir='ltr'>esse,</span> <span class='ocrx_word' id='word_1_256' title='bbox 476 3338 513 3400; x_wconf 93' lang='lat' dir='ltr'>ut</span> <span class='ocrx_word' id='word_1_257' title='bbox 544 3336 613 3400; x_wconf 88' lang='lat' dir='ltr'>eius</span> <span class='ocrx_word' id='word_1_258' title='bbox 644 3334 902 3418; x_wconf 82' lang='lat' dir='ltr'>magnitudinem</span> <span class='ocrx_word' id='word_1_259' title='bbox 938 3335 1095 3418; x_wconf 83' lang='lat' dir='ltr'>celeritas,</span> 
     </span>
     <span class='ocr_line' id='line_1_36' title="bbox 89 3419 1146 3490; baseline 0.004 -4"><span class='ocrx_word' id='word_1_260' title='bbox 89 3422 335 3487; x_wconf 89' lang='lat' dir='ltr'>diuturnitatem</span> <span class='ocrx_word' id='word_1_261' title='bbox 364 3422 517 3487; x_wconf 87' lang='lat' dir='ltr'>allevatio</span> <span class='ocrx_word' id='word_1_262' title='bbox 542 3424 732 3488; x_wconf 86' lang='lat' dir='ltr'>consoletur.</span> <span class='ocrx_word' id='word_1_263' title='bbox 775 3419 827 3485; x_wconf 80' lang='lat' dir='ltr'>Ad</span> <span class='ocrx_word' id='word_1_264' title='bbox 850 3443 888 3487; x_wconf 89' lang='lat' dir='ltr'>ea</span> <span class='ocrx_word' id='word_1_265' title='bbox 911 3444 983 3487; x_wconf 89' lang='lat' dir='ltr'>cum</span> <span class='ocrx_word' id='word_1_266' title='bbox 1007 3444 1093 3486; x_wconf 88' lang='lat' dir='ltr'>acce·</span> <span class='ocrx_word' id='word_1_267' title='bbox 1112 3442 1146 3490; x_wconf 81' lang='lat'>41</span> 
     </span>
     <span class='ocr_line' id='line_1_37' title="bbox 89 3510 1093 3595; baseline 0 -21"><span class='ocrx_word' id='word_1_268' title='bbox 89 3510 150 3595; x_wconf 86' lang='lat' dir='ltr'>dit,</span> <span class='ocrx_word' id='word_1_269' title='bbox 177 3513 214 3575; x_wconf 87' lang='lat' dir='ltr'>ut</span> <span class='ocrx_word' id='word_1_270' title='bbox 236 3531 338 3594; x_wconf 90' lang='lat' dir='ltr'>neque</span> <span class='ocrx_word' id='word_1_271' title='bbox 362 3510 505 3575; x_wconf 87' lang='lat' dir='ltr'>divinum</span> <span class='ocrx_word' id='word_1_272' title='bbox 526 3531 645 3575; x_wconf 90' lang='lat' dir='ltr'>numen</span> <span class='ocrx_word' id='word_1_273' title='bbox 666 3510 799 3575; x_wconf 87' lang='lat' dir='ltr'>horreat</span> <span class='ocrx_word' id='word_1_274' title='bbox 821 3531 880 3575; x_wconf 87' lang='lat' dir='ltr'>nec</span> <span class='ocrx_word' id='word_1_275' title='bbox 901 3511 1093 3594; x_wconf 87' lang='lat' dir='ltr'>praeteritas</span> 
     </span>
    </p>
   </div>
   <div class='ocr_carea' id='block_1_4' title="bbox 0 0 1235 3944">
    <p class='ocr_par' dir='ltr' id='par_1_5' title="bbox 0 0 1235 3944">
     <span class='ocr_line' id='line_1_38' title="bbox 0 0 1235 3944; baseline 0 0"><span class='ocrx_word' id='word_1_276' title='bbox 0 0 1235 3944; x_wconf 95' lang='lat' dir='ltr'> </span> 
     </span>
    </p>
   </div>
  </div>
 </body>
</html>
