2446 3944
14 962 59 979 ,--
90 935 122 982 111

529 195 770 261 -284-

140 359 273 425 memini
294 380 384 443 puer,
407 356 463 440 qui
486 378 558 421 cum
582 355 792 439 quadriennio
815 357 891 440 post
915 355 1053 419 alterum
1074 377 1154 421 oon-

142 448 285 511 sulatum
300 443 446 530 pontifex
464 444 623 508 maximus
641 442 747 508 factus
766 447 860 524 esset,
878 443 996 528 viginti
1014 447 1047 507 11
1067 443 1153 519 duos

142 556 244 599 annos
273 534 302 597 ei
330 532 508 598 sacerdotio
536 530 690 616 praefuit,
721 531 769 594 ita
799 530 894 595 bonis
925 553 994 595 esse
1022 531 1152 597 viribus

142 625 284 686 extremo
308 624 454 705 tempore
477 619 603 702 aetatis,
625 623 663 683 ut
686 618 938 684 adulescentiam
959 641 1025 684 non
1043 621 1154 703 requi·

141 712 235 773 reret.
290 706 382 773 Nihil
414 728 543 772 necesse
575 710 625 771 est
656 706 737 770 mihi
769 707 807 770 de
839 728 890 770 me
924 707 995 791 ipso
1034 706 1152 792 dicere,

143 818 338 881 quamquam
371 799 421 859 est
452 795 486 859 id
517 794 646 878 quidem
678 794 778 858 senile
816 794 979 877 aetatique
1014 799 1155 860 nostrae

143 885 334 950 conceditur.
379 881 562 966 Videtisne,
590 886 628 946 ut
650 881 736 967 apud
757 880 937 946 Homerum
959 883 1153 966 saepissime

142 971 263 1037 Nestor
295 972 333 1035 de
365 970 540 1035 virtutibus
573 970 639 1033 suis
671 969 855 1053 praedicet?
907 969 1050 1034 Tertiam
1082 971 1153 1036 iam

143 1059 228 1124 enim
255 1062 396 1124 aetatem
422 1057 592 1122 hominum
618 1057 762 1140 videbat,
793 1079 852 1120 nec
884 1060 955 1121 erat
982 1058 1011 1121 ei
1038 1079 1153 1124 veren-

143 1148 232 1229 dum,
260 1168 301 1211 ne
329 1168 405 1210 vera
431 1145 620 1229 praedicans
648 1145 686 1208 de
714 1166 748 1208 se
774 1144 871 1208 nimis
899 1145 1062 1211 videretur
1091 1151 1153 1212 eut

142 1235 285 1299 insolens
300 1238 356 1298 aut
370 1234 498 1316 loquax.
529 1232 669 1315 Etenim,
682 1236 720 1296 ut
739 1232 785 1296 ait
798 1231 968 1317 Homerus,
989 1232 1047 1297 ‘ex
1067 1235 1154 1299 eius

143 1323 278 1407 lingua
305 1322 420 1385 melle
449 1320 599 1385 dulcior
625 1319 778 1384 fluebat
805 1320 957 1404 oratio',
987 1343 1084 1404 quam
1108 1323 1152 1387 ad

143 1410 339 1474 suavitatem
361 1408 461 1473 nullis
484 1408 602 1493 egebat
625 1408 768 1492 corporis
791 1408 923 1472 viribus.
967 1408 1012 1473 Et
1039 1413 1153 1474 tamen

144 1498 207 1562 dux
234 1498 290 1563 ille
317 1495 472 1561 Graeciae
499 1518 659 1579 nusquam
686 1499 793 1580 optat,
823 1499 860 1559 ut
887 1495 996 1561 Aiacis
1025 1497 1152 1562 similes

143 1585 264 1650 habeat
287 1586 404 1668 decem,
428 1584 483 1648 sed
505 1587 543 1647 ut
560 1583 724 1666 Nestoris3
747 1583 833 1666 quod
852 1583 879 1647 si
903 1584 965 1648 sibi
988 1585 1151 1669 acciderit,

91 1691 125 1739 aa
144 1695 210 1739 non
233 1673 369 1756 dubitat,
393 1673 471 1756 quin
492 1671 584 1736 brevi
607 1672 650 1736 sit
669 1671 767 1735 Troia
783 1671 937 1755 peritura.
972 1670 1035 1736 Sed
1053 1674 1152 1738 redeo

145 1762 185 1825 ad
208 1778 277 1825 ma·
305 1758 463 1835 Quartum
486 1760 547 1844 agd
571 1781 691 1823 annum
710 1763 743 1823 et
761 1760 1008 1844 octogesimum3
1030 1761 1152 1826 vellem

144 1848 292 1931 equidem
310 1848 395 1911 idem
413 1868 543 1931 possem
562 1846 706 1932 gloriari,
725 1846 810 1930 quod
829 1845 940 1931 Cyrus,
964 1847 1020 1911 sed
1038 1852 1153 1913 tamen

143 1936 205 2000 hoc
229 1955 310 2017 queo
334 1934 447 2016 dicere,
468 1956 535 1998 non
557 1956 609 1998 me
632 1935 761 2018 quidem
778 1934 819 1997 iis
838 1956 908 1998 1111
926 1935 1058 2019 viribus,
1083 1938 1152 2020 qui-

144 2025 205 2088 bus
229 2025 286 2086 aut
308 2022 401 2086 miles
424 2021 511 2085 bello
530 2021 650 2086 Punico
672 2025 728 2086 aut
751 2026 905 2105 quaestor
927 2023 1038 2087 eodem
1060 2024 1152 2089 bello

146 2114 202 2175 aut
225 2109 337 2174 consul
360 2109 395 2172 in
416 2107 576 2192 Hispania
600 2108 716 2174 fuerim
744 2114 801 2174 aut
829 2110 1036 2194 quadriennio
1064 2117 1152 2196 post,

145 2221 218 2262 oum
245 2197 394 2261 tribunus
423 2196 574 2260 militaris
597 2196 780 2282 depugnavi
807 2198 892 2283 apud
915 2199 1152 2284 Thermopylas

144 2285 196 2350 M'.
211 2283 388 2349 Glabrione
411 2284 550 2367 consule,
574 2284 630 2349 sed
653 2288 770 2369 tamen,
793 2290 831 2349 ut
853 2307 911 2351 vos
935 2287 1061 2371 videtis,
1084 2310 1153 2353 non

144 2374 315 2458 pleneme
339 2373 518 2455 enervavit,
544 2394 610 2437 non
634 2373 758 2436 adflixit
781 2377 941 2457 senectus,
967 2397 1033 2439 non
1060 2376 1152 2440 curia

144 2462 229 2526 vires
249 2481 337 2524 meas
357 2460 525 2543 desiderat,
543 2482 609 2524 non
626 2464 742 2544 rostra,
759 2483 827 2526 non
845 2462 948 2545 amici,
969 2484 1036 2526 non
1054 2463 1152 2527 clien-

143 2553 208 2632 tes,
234 2570 300 2611 non
323 2547 477 2632 hospites,
522 2547 590 2613 Nec
613 2548 698 2612 enim
721 2571 875 2632 umquam
899 2572 971 2613 sum
994 2551 1152 2616 adsensus

143 2635 246 2701 veteri
264 2636 315 2699 illi
333 2636 528 2718 laudatoque
547 2636 728 2719 proverbio,
752 2637 838 2719 quod
857 2641 965 2702 monet
984 2637 1152 2704 ‘mature

144 2723 235 2788 fieri
258 2745 399 2806 senem,
429 2723 461 2788 11
484 2723 546 2787 diu
569 2723 667 2788 velis
691 2745 805 2788 senex
829 2724 930 2789 esse?
975 2724 1049 2810 Ego
1072 2748 1150 2792 vero

144 2834 195 2876 me
223 2812 329 2875 minus
357 2811 411 2875 diu
435 2833 542 2875 senem
566 2832 635 2874 esse
658 2812 790 2876 mallem
819 2835 915 2895 quam
939 2834 1008 2876 esse
1031 2836 1151 2898 senem,

145 2903 220 2963 ante
243 2921 341 2983 quam
364 2920 475 2963 essem.
519 2897 634 2981 Itaque
656 2921 751 2964 nemo
775 2900 877 2965 adhuc
905 2901 1075 2967 convenire
1099 2925 1150 2967 me

92 3003 125 3052 33
146 2987 259 3069 voluit,
282 2987 333 3051 oui
355 2986 471 3050 fuerim
494 2990 678 3071 occupatus.
714 2987 760 3051 At
783 2988 888 3052 minus
908 2988 1012 3054 habeo
1031 2991 1151 3055 virium

145 3097 242 3158 quam
265 3077 408 3139 vestrum
431 3073 562 3138 utervis.
602 3073 652 3140 Ne
675 3097 733 3140 vos
755 3075 883 3158 quidem
903 3077 938 3140 Τ.
958 3076 1056 3142 Ponti
1079 3100 1151 3143 cen-

144 3162 283 3226 turionis
306 3162 390 3226 vires
413 3161 558 3245 habetis3
583 3185 660 3227 num
687 3163 805 3227 idcirco
834 3168 884 3228 111
905 3164 962 3228 1111
984 3170 1151 3248 praestan-

144 3248 230 3313 tior?
259 3247 438 3314 Moderatio
461 3250 557 3315 modo
575 3250 693 3315 virium
717 3251 812 3335 adsit,
835 3256 868 3316 et
890 3256 1028 3336 tantum,
1052 3276 1152 3337 quan-

145 3339 216 3399 tum
229 3339 338 3420 potest
353 3337 496 3420 quisque,
510 3336 646 3423 nitatur3
660 3361 700 3402 ne
714 3338 768 3402 ille
782 3361 848 3403 non
862 3361 981 3425 magno
992 3341 1150 3406 desiderio
1183 3361 1186 3366 ·

145 3423 308 3488 tenebitur
322 3425 448 3491 virium.
481 3424 651 3510 Olympiae
663 3448 723 3511 per
736 3427 877 3492 stadium
895 3429 1063 3514 ingressus
1082 3451 1152 3495 esse

65 3509 225 3712 wMilo
250 3511 378 3596 dicitur,
401 3536 474 3579 cum
496 3513 639 3578 humeris
663 3514 837 3579 sustineret
859 3515 984 3582 bovem.
1030 3515 1153 3583 Utrum

92 856 133 920 10
