2446 3944
450 186 601 250 -289
648 221 690 232 —

63 354 237 436 peteretur,
257 349 404 433 quodque
419 352 530 434 spreta
544 353 577 413 et
594 352 781 434 contempta
796 350 965 435 voluptate
979 354 1070 434 optu-

64 460 136 504 mus
167 438 302 521 quisque
330 440 526 520 sequeretur.
570 434 714 511 Quorsus
740 437 843 522 igitur
869 442 938 502 tam
966 439 1070 503 multa
1088 455 1123 504 44

64 527 103 590 de
127 525 317 610 voluptate?
363 524 445 598 Quia
467 546 532 589 non
554 525 650 590 modo
673 527 869 611 vituperatio
890 527 992 610 nulla,
1015 527 1071 591 sed

64 615 165 679 etiam
188 635 315 678 summa
337 613 409 676 laus
433 613 607 677 senectutis
631 616 689 696 est,
716 614 800 697 quod
824 635 863 678 ea
884 615 1070 698 voluptates

64 703 170 766 nullas
193 721 390 786 magnopere
409 700 577 765 desiderat.
614 699 711 764 Caret
730 701 834 784 epulis
853 703 1070 786 extructisque

64 790 184 854 mensis
209 788 483 871 etfrequentibus
504 788 638 872 poculiS,
661 792 749 852 caret
768 809 845 874 ergo
865 789 964 853 etiam
981 791 1070 855 vinu·

63 879 167 942 lentia
190 880 223 940 et
245 876 404 941 cruditate
429 879 461 939 et
486 875 667 940 insomniis.
712 874 775 940 Sed
798 877 826 940 si
849 877 972 960 aliquid
996 878 1070 942 dan-

64 966 143 1029 dum
166 968 216 1028 est
238 963 410 1047 voluptati,
434 964 587 1047 quoniam
611 963 678 1028 eius
701 964 868 1028 blanditiis
891 987 957 1029 non
974 965 1070 1030 facile

65 1052 254 1118 obsistimus
288 1050 408 1136 (divine
441 1052 526 1115 enim
557 1051 653 1116 Plato
686 1051 828 1117 ‘escam
865 1053 1069 1117 malorum'

66 1140 211 1225 appellat
233 1140 452 1223 voluptatem,
475 1140 561 1222 quod
583 1161 622 1204 ea
643 1139 794 1204 videlicet
816 1139 964 1205 homines
987 1141 1070 1224 capi·

65 1232 162 1293 antur
184 1232 221 1291 ut
243 1225 377 1313 pisces),
405 1248 600 1311 quamquam
622 1227 832 1292 inmoderatis
856 1228 959 1312 epulis
982 1233 1071 1293 caret

65 1319 225 1398 senectus,
261 1314 395 1379 modicis
430 1319 541 1379 tamen
576 1316 732 1380 conviviis
768 1316 921 1380 delectari
952 1320 1070 1401 potest.

66 1401 100 1468 O.
114 1403 280 1467 Duellium
299 1403 341 1467 M.
359 1402 391 1486 f.,
414 1403 470 1486 qui
486 1402 613 1467 Poenos
632 1403 735 1467 classe
754 1403 877 1488 primus
901 1404 1071 1487 devicerat,

65 1492 253 1556 redeuntem
276 1513 296 1554 a
313 1511 392 1555 cena
411 1512 519 1554 senem
539 1512 634 1576 saepe
652 1491 801 1555 videbam
819 1513 912 1576 puer3
935 1491 1071 1556 delecta-

65 1580 163 1643 batur
182 1600 272 1643 cereo
291 1577 399 1642 funali·
413 1582 446 1642 et
464 1578 605 1662 tibicine,
628 1600 710 1661 quae
729 1579 791 1642 sibi
809 1579 900 1643 nullo
924 1581 1070 1664 exemplo

65 1667 213 1751 privatus
246 1669 443 1750 sumpserat3
479 1670 607 1730 tantum
643 1665 792 1730 licentiae
826 1667 924 1731 dabat
956 1667 1070 1753 gloria.

66 1753 129 1819 Sed
152 1754 229 1838 quid
252 1775 312 1839 ego
336 1754 440 1818 alios‘?
464 1753 505 1818 ad
527 1776 578 1818 me
600 1754 708 1838 ipsum
730 1755 796 1818 iam
818 1758 972 1820 revertar.
1003 1755 1071 1819 Pri·
1089 1771 1123 1822 45

65 1865 155 1907 mum
187 1842 288 1906 habui
320 1863 447 1925 semper
479 1841 613 1907 sodales.
659 1839 855 1906 Sodalitates
884 1847 992 1907 autem
1019 1866 1070 1908 me

67 1934 238 2013 quaestore
257 1929 452 1994 constitutae
472 1933 547 1993 sunt
566 1931 666 1994 sacris
684 1929 790 1994 Idaeis
803 1929 942 2016 Magnae
955 1930 1071 1996 Matris

66 2019 215 2102 acceptis.
252 2017 419 2102 Epulabar
441 2017 543 2102 igitur
567 2040 639 2082 cum
663 2018 828 2083 sodalibus
851 2020 981 2084 omnino
1005 2042 1071 2084 mo-

66 2106 144 2189 dice,
168 2106 224 2170 sed
242 2110 313 2169 erat
332 2105 463 2189 quidam
480 2105 589 2170 fervor
609 2106 740 2189 aetatis3
762 2128 827 2190 qua
844 2107 1071 2192 progrediente

66 2193 175 2258 omnia
206 2193 289 2256 fiunt
320 2193 355 2257 in
385 2193 452 2256 dies
484 2194 623 2274 mitiora·
672 2192 785 2277 Neque
814 2194 899 2258 enim
926 2195 1072 2278 ipsorum
1163 2222 1166 2228 ·

65 2281 288 2347 conviviorum
303 2280 549 2345 delectationem
563 2283 786 2366 voluptatibus
802 2283 946 2365 corporis
965 2283 1071 2368 magis

67 2392 166 2452 quam
188 2373 282 2433 coetu
305 2368 482 2433 amicorum
504 2372 537 2434 et
560 2371 762 2434 sermonibus
781 2370 946 2434 metiebar.
983 2369 1071 2434 Bene

68 2457 155 2521 enim
177 2456 316 2520 maiores
341 2456 574 2521 accubitionem
598 2458 762 2541 epularem
786 2457 971 2541 amicorum,
996 2458 1072 2541 quia

66 2545 154 2609 vitae
164 2544 422 2609 coniunctionem
430 2545 574 2627 haberet,
588 2544 804 2609 convivium
814 2545 1071 2629 nominaverunt,

67 2632 184 2697 melius
212 2653 309 2716 quam
337 2631 465 2716 Graeci,
497 2632 552 2716 qui
578 2632 640 2696 boc
666 2631 752 2695 idem
779 2635 850 2695 tum
877 2636 1072 2715 compota-

65 2720 224 2802 tionem,
250 2723 320 2783 tum
349 2720 662 2785 concenationem
690 2722 820 2801 vocant,
847 2722 898 2801 ut,
926 2718 1011 2801 quod
1037 2720 1072 2782 in

67 2829 106 2871 eo
125 2827 241 2891 genere
260 2807 429 2871 minimum
448 2811 507 2890 est,
528 2808 561 2871 id
579 2807 718 2871 maxime
735 2807 874 2890 probare
892 2806 1071 2871 videantur.

66 2894 140 2979 Ego
163 2916 240 2960 vero
263 2898 396 2978 propter
419 2895 576 2959 sermonis
599 2894 845 2959 delectationem
868 2894 1070 2980 tempestivis
1085 2864 1124 2989 14²}

67 3004 195 3066 quoque
219 2982 373 3046 conviviis
396 2983 546 3066 delector,
567 3004 626 3047 nec
649 3004 721 3047 cum
744 2981 932 3065 aequalibus
956 2983 1071 3068 solum,

67 3070 125 3154 qui
152 3071 246 3154 pauci
273 3070 445 3134 admodum
472 3075 611 3153 restant,
643 3071 698 3134 sed
730 3092 803 3135 cum
834 3074 943 3135 vestra
972 3070 1073 3139 etiam

68 3161 176 3222 aetate
204 3161 301 3240 atque
328 3157 510 3243 vobiscum,
539 3159 707 3242 habeoque
735 3158 892 3223 senectuti
919 3179 1039 3246 magns

69 3245 220 3331 gratiam,
244 3267 325 3328 quae
348 3245 428 3309 mihi
451 3247 607 3311 sermonis
631 3246 821 3311 aviditatem
844 3247 934 3311 auxit
968 3269 1011 3332 po

66 3333 120 3397 nis
139 3337 172 3397 et
190 3333 255 3398 cibi
274 3333 415 3396 sustulit.
451 3332 572 3409 Quodsi
590 3357 685 3418 quem
708 3334 808 3398 etiam
827 3335 893 3399 ista
911 3335 1014 3400 delect

69 3418 125 3505 (nc
139 3421 269 3486 omnino
288 3421 410 3485 bellum
427 3420 580 3486 indixisse
598 3423 707 3487 videar
725 3423 896 3508 voluptati,
915 3423 1003 3487 cuius

66 3508 209 3574 fortasse
232 3508 370 3592 quidam
385 3510 544 3574 naturalis
562 3509 701 3597 modus),
722 3532 789 3577 non
806 3510 961 3596 intellego
978 3531 1019 3574 ne

59 3627 62 3631 ’
130 3622 311 3677 {tetbertum
327 3622 371 3667 eie.
385 3618 500 3675 pullulant.
515 3617 629 3673 ebsibas
746 3608 931 3712 Ν
