2422 3938
534 159 770 224 ,520-

143 322 265 404 ferant,
293 321 369 405 quid
396 325 446 385 est
472 342 528 385 our
555 319 738 384 dubitemus
767 319 879 384 dicere
909 324 947 387 et
981 323 1161 406 sapientiam

145 413 278 494 propter
295 409 479 492 voluptates
498 407 711 491 expetendam
729 409 762 471 et
780 407 1026 491 insipientiam
1048 415 1162 495 propter

93 514 126 562 47
146 496 312 561 molestias
332 517 401 560 esse
419 495 627 580 fugiendam?
662 493 851 580 Eademque
872 497 1017 562 ratione
1038 521 1081 564 no
1101 502 1162 563 tem·

144 584 326 669 parentiam
343 583 473 667 quidem
490 586 624 667 propter
637 604 672 647 se
687 582 908 666 expetendam
927 607 1008 650 esse
1028 586 1163 669 dicemus,

146 671 203 736 sed
225 672 301 755 quia
323 693 436 755 pacem
458 672 575 735 animis
599 671 713 736 afferat
738 674 772 734 et
792 692 849 736 eos
879 673 985 755 quasi
1007 674 1164 740 concordia

145 758 284 843 quadam
301 760 409 843 placet
426 780 464 823 ac
480 759 589 823 leniat.
630 757 864 841 Temperantia
885 765 941 826 est
962 762 1073 846 enirn,
1091 784 1164 848 quae,

144 848 180 912 in
201 847 298 912 rebus
322 850 379 912 aut
401 846 587 930 expetendis
611 850 667 911 aut
688 846 851 930 fugiendis
876 851 919 912 ut
937 850 1114 915 rationem
1129 872 1165 915 se

145 957 294 1020 quamur,
321 938 439 999 monet.
489 933 558 998 Nec
588 934 674 998 enim
700 932 780 997 satis
809 937 861 999 est
897 936 1076 1023 iudicare,
1106 938 1166 1023 quid

144 1022 327 1087 faciendum
348 1044 415 1087 non
436 1021 655 1086 faciendumve
680 1021 735 1106 sit,
758 1020 816 1085 sed
835 1025 930 1088 stare
952 1026 1067 1090 etiarn
1089 1047 1165 1110 opor·

144 1113 194 1175 tet
216 1111 251 1174 in
273 1132 325 1192 eo,
349 1110 433 1192 quod
456 1110 500 1173 sit
521 1109 706 1173 iudicatum.
750 1108 908 1193 Plerique
933 1116 1074 1198 autern,
1097 1113 1165 1199 quod

145 1201 254 1263 tenere
286 1201 381 1282 atque
414 1218 541 1261 servare
572 1195 619 1281 id,
652 1196 736 1281 quod
767 1197 832 1280 ipsi
865 1202 1089 1285 statuerunt,
1114 1223 1165 1266 nor

144 1288 296 1369 possunt,
323 1285 402 1348 victi
430 1290 463 1349 et
489 1285 650 1349 debilitati
682 1284 810 1349 obiecta
839 1288 958 1368 specie
995 1290 1164 1374 voluptatis
1203 1318 1205 1323 ·

145 1372 279 1438 tradunt
301 1393 334 1437 se
357 1372 543 1437 libidinibus
566 1372 833 1456 constringendos
861 1393 944 1458 nec,
978 1377 1065 1459 quid
1089 1399 1164 1443 even·

144 1464 254 1525 turum
277 1460 336 1544 sit,
363 1460 535 1544 provident
562 1461 603 1525 ob
631 1480 764 1544 eamque
792 1481 931 1526 causam
956 1469 1107 1549 propter
1125 1487 1165 1530 vc

144 1549 304 1632 luptatem
327 1551 360 1612 et
381 1569 516 1631 parvam
539 1551 571 1612 et
593 1569 659 1612 non
683 1548 918 1632 necessariam,
948 1555 988 1615 et
1021 1552 1165 1636 quaeve]

146 1637 241 1701 aliter
263 1639 445 1719 pararetur,
469 1641 502 1700 et
527 1657 589 1718 qua
608 1635 707 1699 etiam
726 1656 834 1699 carere
852 1643 1004 1719 possent
1026 1641 1100 1706 sine
1122 1640 1165 1706 do

144 1725 228 1808 lore,
254 1726 325 1788 tum
347 1725 382 1787 in
404 1725 534 1787 morbos
563 1724 686 1808 gravis,
712 1726 783 1786 tum
807 1723 843 1786 in
866 1723 1015 1811 damna,
1045 1729 1166 1793 tumin

146 1813 303 1877 dedecora
325 1812 506 1894 incurrunt,
529 1833 625 1895 saepe
649 1811 747 1875 etiam
767 1811 878 1895 legum
902 1813 1166 1901 iudiciorumque

94 1915 128 1964 48
147 1901 258 1984 poenis
286 1899 480 1982 obligantur.
526 1897 588 1973 Qui
615 1902 723 1963 autem
745 1898 792 1962 ita
813 1898 880 1962 frui
910 1902 1041 1969 volunt
1064 1906 1166 1987 volup

146 1988 282 2069 tatibus,
313 1992 350 2051 ut
380 1986 462 2051 nulli
492 1991 626 2070 propter
662 2009 716 2051 eas
749 1991 1000 2069 consequantur
1036 1992 1167 2073 dolores,

124 2079 180 2139 et
210 2074 265 2158 qui
298 2095 391 2138 suum
421 2074 574 2139 iudicium
608 2075 763 2157 retinent,
797 2095 837 2137 ne
873 2076 1061 2160 voluptate
1099 2079 1167 2144 victi

144 2161 268 2226 faciant
285 2160 328 2244 id,
347 2161 431 2244 quod
454 2163 596 2226 sentiant
612 2183 678 2226 non
696 2183 765 2226 esse
788 2161 997 2247 faciendum,
1017 2167 1044 2230 ii
1062 2168 1167 2250 volup·

145 2253 248 2314 tatem
279 2248 453 2312 maximam
481 2250 701 2333 adipiscuntur
728 2250 1030 2332 praetermittenda
1060 2256 1168 2338 volup

145 2340 223 2402 tate.
278 2335 379 2399 Iidem
412 2337 510 2401 etiarn
541 2337 686 2402 dolorem
718 2358 813 2419 saepe
838 2339 1097 2426 perpetiuntur,
1124 2362 1167 2425 ne,

147 2426 175 2490 si
203 2424 237 2489 id
264 2446 331 2489 non
352 2424 487 2508 iaciant,
513 2425 656 2490 incidant
682 2425 718 2489 in
740 2425 904 2488 maiorem.
950 2426 1010 2491 Ex
1035 2451 1104 2514 quo
1126 2431 1167 2494 in·

145 2514 313 2597 tellegitur
334 2534 393 2577 nec
415 2514 699 2597 intemperantiam
722 2516 856 2595 propter
879 2534 914 2576 se
938 2535 1019 2580 esse
1043 2517 1167 2603 fugien-

147 2600 220 2665 dam
251 2601 560 2685 temperantiamque
590 2601 814 2684 expetendam,
843 2622 910 2664 non
944 2604 1029 2684 quia
1059 2608 1167 2689 volup

95 2692 230 2812 15tates
253 2688 372 2773 fugiat,
395 2687 451 2788 sed
474 2688 550 2788 quia
571 2689 708 2789 maiqres
733 2691 974 2840 consequatur,q

94 2824 127 2873 ⁴⁹
146 2776 1035 2948 altttlltttllzababtibus&
1043 2802 1166 2950 ,3133

146 2951 217 3036 ipsa
245 2952 348 3016 allicit
378 2972 437 3015 neo
463 2952 621 3034 patientia
646 2973 706 3015 nec
732 2951 903 3016 assiduitas
932 2973 997 3016 nec
1031 2956 1166 3040 vigiliae

145 3062 205 3105 neo
232 3040 317 3125 ipsa,
345 3060 426 3123 quae
453 3038 616 3122 laudatur,
644 3038 816 3122 industria,
842 3060 881 3102 ne
908 3038 1078 3108 fortitudo
1105 3043 1166 3127 qui·

102 3199 104 3202 v
147 3127 229 3211 dem,
251 3128 307 3193 sed
324 3128 389 3191 ista
408 3127 579 3210 sequimur,
596 3129 634 3189 ut
652 3128 721 3190 sine
745 3148 820 3191 cura
839 3130 996 3209 metuque
1016 3129 1165 3195 vivamus

148 3216 355 3299 animumque
393 3217 425 3277 et
461 3235 590 3297 corpus,
631 3218 786 3297 quantum
822 3213 947 3277 efficere
986 3219 1165 3302 possimus,

146 3302 294 3366 molestia
330 3300 511 3366 liberemus.
570 3300 616 3366 Ut
653 3302 737 3367 enim
774 3302 888 3366 mortis
925 3307 1019 3368 metu
1058 3306 1164 3372 omnis

146 3389 273 3472 quietae
305 3389 391 3454 vitae
424 3393 528 3454 status
560 3391 782 3474 perturbatur,
818 3393 851 3454 et
882 3393 919 3453 ut
951 3396 1165 3460 succumbere

146 3475 313 3540 doloribus
353 3498 469 3562 eosque
509 3477 626 3542 humili
668 3479 776 3543 animo
812 3478 1041 3562 imbecilloque
1082 3483 1164 3548 ferre

68 3660 134 3696 *a
